<?xml version="1.0" encoding="UTF-8"?>
<!DOCTYPE html PUBLIC "-//W3C//DTD XHTML 1.0 Transitional//EN"
    "http://www.w3.org/TR/xhtml1/DTD/xhtml1-transitional.dtd">
<html xmlns="http://www.w3.org/1999/xhtml" xml:lang="en" lang="en">
 <head>
  <title>
</title>
<meta http-equiv="Content-Type" content="text/html;charset=utf-8" />
  <meta name='ocr-system' content='tesseract 3.04.00' />
  <meta name='ocr-capabilities' content='ocr_page ocr_carea ocr_par ocr_line ocrx_word'/>
</head>
<body>
  <div class='ocr_page' id='page_1' title='image "ausgewhltebrief02freygoog_0212.png"; bbox 0 0 3000 4917; ppageno 0'>
   <div class='ocr_carea' id='block_1_1' title="bbox 414 223 1989 290">
    <p class='ocr_par' dir='ltr' id='par_1_1' title="bbox 414 223 1989 290">
     <span class='ocr_line' id='line_1_1' title="bbox 414 223 1989 290; baseline -0.006 0"><span class='ocrx_word' id='word_1_1' title='bbox 414 225 541 290; x_wconf 88' lang='lat'><strong>198</strong></span> <span class='ocrx_word' id='word_1_2' title='bbox 1181 225 1317 281; x_wconf 83' lang='lat' dir='ltr'><strong>LIB.</strong></span> <span class='ocrx_word' id='word_1_3' title='bbox 1353 224 1449 282; x_wconf 83' lang='lat' dir='ltr'><strong>IIL</strong></span> <span class='ocrx_word' id='word_1_4' title='bbox 1513 223 1739 280; x_wconf 81' lang='lat' dir='ltr'><strong>EPIST.</strong></span> <span class='ocrx_word' id='word_1_5' title='bbox 1778 230 1866 282; x_wconf 82' lang='lat'><strong>31.</strong></span> <span class='ocrx_word' id='word_1_6' title='bbox 1904 231 1989 281; x_wconf 80' lang='lat'><strong>32.</strong></span> 
     </span>
    </p>
   </div>
   <div class='ocr_carea' id='block_1_2' title="bbox 344 387 2762 2602">
    <p class='ocr_par' dir='ltr' id='par_1_2' title="bbox 344 387 2762 2602">
     <span class='ocr_line' id='line_1_2' title="bbox 412 387 2757 473; baseline -0 -20"><span class='ocrx_word' id='word_1_7' title='bbox 412 389 648 473; x_wconf 88' lang='lat' dir='ltr'><strong>quibus</strong></span> <span class='ocrx_word' id='word_1_8' title='bbox 695 388 893 453; x_wconf 85' lang='lat' dir='ltr'><strong>levari</strong></span> <span class='ocrx_word' id='word_1_9' title='bbox 938 391 1205 472; x_wconf 90' lang='lat' dir='ltr'><strong>possent</strong></span> <span class='ocrx_word' id='word_1_10' title='bbox 1251 387 1589 453; x_wconf 75' lang='lat' dir='ltr'>molestiae</span> <span class='ocrx_word' id='word_1_11' title='bbox 1636 391 1804 453; x_wconf 90' lang='lat' dir='ltr'><strong>tuae.</strong></span> <span class='ocrx_word' id='word_1_12' title='bbox 1881 387 2158 472; x_wconf 84' lang='lat' dir='ltr'><strong>Reliqua</strong></span> <span class='ocrx_word' id='word_1_13' title='bbox 2205 393 2357 452; x_wconf 89' lang='lat' dir='ltr'><strong>sunt</strong></span> <span class='ocrx_word' id='word_1_14' title='bbox 2401 388 2472 452; x_wconf 91' lang='lat' dir='ltr'><strong>in</strong></span> <span class='ocrx_word' id='word_1_15' title='bbox 2511 391 2576 452; x_wconf 74' lang='lat' dir='ltr'><strong>te</strong></span> <span class='ocrx_word' id='word_1_16' title='bbox 2614 388 2757 472; x_wconf 92' lang='lat' dir='ltr'><strong>ipso</strong></span> 
     </span>
     <span class='ocr_line' id='line_1_3' title="bbox 409 477 2760 563; baseline -0 -21"><span class='ocrx_word' id='word_1_17' title='bbox 409 499 617 561; x_wconf 92' lang='lat' dir='ltr'><strong>neque</strong></span> <span class='ocrx_word' id='word_1_18' title='bbox 662 477 824 541; x_wconf 86' lang='lat' dir='ltr'><strong>mihi</strong></span> <span class='ocrx_word' id='word_1_19' title='bbox 869 478 1099 563; x_wconf 87' lang='lat' dir='ltr'><strong>ignota</strong></span> <span class='ocrx_word' id='word_1_20' title='bbox 1141 498 1259 542; x_wconf 94' lang='lat' dir='ltr'><strong>nec</strong></span> <span class='ocrx_word' id='word_1_21' title='bbox 1306 477 1574 541; x_wconf 91' lang='lat' dir='ltr'><strong>minima</strong></span> <span class='ocrx_word' id='word_1_22' title='bbox 1620 477 1887 560; x_wconf 89' lang='lat' dir='ltr'><strong>solacia,</strong></span> <span class='ocrx_word' id='word_1_23' title='bbox 1933 480 2007 541; x_wconf 92' lang='lat' dir='ltr'><strong>ut</strong></span> <span class='ocrx_word' id='word_1_24' title='bbox 2055 477 2316 561; x_wconf 89' lang='lat' dir='ltr'><strong>quidem</strong></span> <span class='ocrx_word' id='word_1_25' title='bbox 2362 497 2483 562; x_wconf 90' lang='lat' dir='ltr'><strong>ego</strong></span> <span class='ocrx_word' id='word_1_26' title='bbox 2532 477 2760 559; x_wconf 83' lang='lat' dir='ltr'><strong>sentiO,</strong></span> 
     </span>
     <span class='ocr_line' id='line_1_4' title="bbox 410 565 2762 650; baseline -0.001 -19"><span class='ocrx_word' id='word_1_27' title='bbox 410 567 618 631; x_wconf 89' lang='lat' dir='ltr'><strong>multo</strong></span> <span class='ocrx_word' id='word_1_28' title='bbox 676 565 982 630; x_wconf 87' lang='lat' dir='ltr'><strong>maxima:</strong></span> <span class='ocrx_word' id='word_1_29' title='bbox 1039 587 1200 649; x_wconf 85' lang='lat' dir='ltr'><strong>quae</strong></span> <span class='ocrx_word' id='word_1_30' title='bbox 1256 586 1378 650; x_wconf 90' lang='lat' dir='ltr'><strong>ego</strong></span> <span class='ocrx_word' id='word_1_31' title='bbox 1436 566 1773 650; x_wconf 85' lang='lat' dir='ltr'><strong>experiens</strong></span> <span class='ocrx_word' id='word_1_32' title='bbox 1830 566 2067 630; x_wconf 76' lang='lat' dir='ltr'><strong>cotidie</strong></span> <span class='ocrx_word' id='word_1_33' title='bbox 2124 566 2217 630; x_wconf 93' lang='lat' dir='ltr'><strong>sic</strong></span> <span class='ocrx_word' id='word_1_34' title='bbox 2271 566 2506 649; x_wconf 90' lang='lat' dir='ltr'><strong>probo,</strong></span> <span class='ocrx_word' id='word_1_35' title='bbox 2565 569 2641 629; x_wconf 94' lang='lat' dir='ltr'><strong>ut</strong></span> <span class='ocrx_word' id='word_1_36' title='bbox 2689 586 2762 629; x_wconf 90' lang='lat' dir='ltr'><strong>ea</strong></span> 
     </span>
     <span class='ocr_line' id='line_1_5' title="bbox 410 653 2760 719; baseline -0.001 0"><span class='ocrx_word' id='word_1_37' title='bbox 410 654 573 719; x_wconf 91' lang='lat' dir='ltr'><strong>mihi</strong></span> <span class='ocrx_word' id='word_1_38' title='bbox 628 655 904 719; x_wconf 90' lang='lat' dir='ltr'><strong>salutem</strong></span> <span class='ocrx_word' id='word_1_39' title='bbox 960 654 1211 719; x_wconf 86' lang='lat' dir='ltr'><strong>adferre</strong></span> <span class='ocrx_word' id='word_1_40' title='bbox 1266 654 1626 719; x_wconf 84' lang='lat' dir='ltr'><strong>videantur.</strong></span> <span class='ocrx_word' id='word_1_41' title='bbox 1717 653 1807 717; x_wconf 89' lang='lat' dir='ltr'><strong>Te</strong></span> <span class='ocrx_word' id='word_1_42' title='bbox 1863 658 2081 719; x_wconf 88' lang='lat' dir='ltr'><strong>autem</strong></span> <span class='ocrx_word' id='word_1_43' title='bbox 2139 655 2221 718; x_wconf 95' lang='lat' dir='ltr'><strong>ab</strong></span> <span class='ocrx_word' id='word_1_44' title='bbox 2278 655 2467 719; x_wconf 92' lang='lat' dir='ltr'><strong>initio</strong></span> <span class='ocrx_word' id='word_1_45' title='bbox 2525 654 2760 718; x_wconf 87' lang='lat' dir='ltr'><strong>aetatis</strong></span> 
     </span>
     <span class='ocr_line' id='line_1_6' title="bbox 411 742 2761 808; baseline -0.001 -1"><span class='ocrx_word' id='word_1_46' title='bbox 411 743 723 808; x_wconf 91' lang='lat' dir='ltr'><strong>memoria</strong></span> <span class='ocrx_word' id='word_1_47' title='bbox 767 749 957 807; x_wconf 89' lang='lat' dir='ltr'><strong>teneo</strong></span> <span class='ocrx_word' id='word_1_48' title='bbox 1006 764 1252 807; x_wconf 89' lang='lat' dir='ltr'><strong>summe</strong></span> <span class='ocrx_word' id='word_1_49' title='bbox 1301 744 1592 808; x_wconf 93' lang='lat' dir='ltr'><strong>omnium</strong></span> <span class='ocrx_word' id='word_1_50' title='bbox 1643 742 2081 808; x_wconf 80' lang='lat' dir='ltr'><strong>doctrinarum</strong></span> <span class='ocrx_word' id='word_1_51' title='bbox 2137 743 2500 808; x_wconf 89' lang='lat' dir='ltr'><strong>studiosum</strong></span> <span class='ocrx_word' id='word_1_52' title='bbox 2557 743 2761 806; x_wconf 88' lang='lat' dir='ltr'><strong>fuisse</strong></span> 
     </span>
     <span class='ocr_line' id='line_1_7' title="bbox 411 831 2762 916; baseline -0.001 -19"><span class='ocrx_word' id='word_1_53' title='bbox 411 832 774 916; x_wconf 82' lang='lat' dir='ltr'><strong>omniaque,</strong></span> <span class='ocrx_word' id='word_1_54' title='bbox 813 853 976 915; x_wconf 89' lang='lat' dir='ltr'><strong>quae</strong></span> <span class='ocrx_word' id='word_1_55' title='bbox 1015 853 1055 895; x_wconf 89' lang='lat' dir='ltr'><strong>a</strong></span> <span class='ocrx_word' id='word_1_56' title='bbox 1084 831 1583 916; x_wconf 76' lang='lat' dir='ltr'><strong>sapientissimis</strong></span> <span class='ocrx_word' id='word_1_57' title='bbox 1619 833 1774 896; x_wconf 83' lang='lat' dir='ltr'><strong>viris</strong></span> <span class='ocrx_word' id='word_1_58' title='bbox 1812 832 1892 896; x_wconf 86' lang='lat' dir='ltr'><strong>ad</strong></span> <span class='ocrx_word' id='word_1_59' title='bbox 1930 833 2092 896; x_wconf 90' lang='lat' dir='ltr'><strong>bene</strong></span> <span class='ocrx_word' id='word_1_60' title='bbox 2130 832 2477 896; x_wconf 85' lang='lat' dir='ltr'><strong>vivendum</strong></span> <span class='ocrx_word' id='word_1_61' title='bbox 2516 831 2762 895; x_wconf 85' lang='lat' dir='ltr'><strong>tradita</strong></span> 
     </span>
     <span class='ocr_line' id='line_1_8' title="bbox 410 919 2760 1004; baseline -0.001 -19"><span class='ocrx_word' id='word_1_62' title='bbox 410 924 644 1003; x_wconf 89' lang='lat' dir='ltr'><strong>essent,</strong></span> <span class='ocrx_word' id='word_1_63' title='bbox 690 942 943 985; x_wconf 92' lang='lat' dir='ltr'><strong>summo</strong></span> <span class='ocrx_word' id='word_1_64' title='bbox 992 919 1205 985; x_wconf 88' lang='lat' dir='ltr'><strong>studio</strong></span> <span class='ocrx_word' id='word_1_65' title='bbox 1254 941 1531 1004; x_wconf 88' lang='lat' dir='ltr'><strong>curaque</strong></span> <span class='ocrx_word' id='word_1_66' title='bbox 1568 919 1895 1001; x_wconf 81' lang='lat' dir='ltr'><strong>didicisse3</strong></span> <span class='ocrx_word' id='word_1_67' title='bbox 1944 943 2109 1004; x_wconf 89' lang='lat' dir='ltr'><strong>quae</strong></span> <span class='ocrx_word' id='word_1_68' title='bbox 2147 920 2409 1003; x_wconf 88' lang='lat' dir='ltr'><strong>quidem</strong></span> <span class='ocrx_word' id='word_1_69' title='bbox 2445 921 2551 985; x_wconf 86' lang='lat' dir='ltr'><strong>vel</strong></span> <span class='ocrx_word' id='word_1_70' title='bbox 2595 919 2760 1004; x_wconf 89' lang='lat' dir='ltr'><strong>opti-</strong></span> 
     </span>
     <span class='ocr_line' id='line_1_9' title="bbox 410 1008 2762 1092; baseline -0 -19"><span class='ocrx_word' id='word_1_71' title='bbox 410 1010 534 1074; x_wconf 90' lang='lat' dir='ltr'><strong>mis</strong></span> <span class='ocrx_word' id='word_1_72' title='bbox 572 1010 766 1074; x_wconf 89' lang='lat' dir='ltr'><strong>rebus</strong></span> <span class='ocrx_word' id='word_1_73' title='bbox 804 1012 871 1073; x_wconf 91' lang='lat' dir='ltr'><strong>et</strong></span> <span class='ocrx_word' id='word_1_74' title='bbox 906 1010 1053 1073; x_wconf 89' lang='lat' dir='ltr'><strong>usui</strong></span> <span class='ocrx_word' id='word_1_75' title='bbox 1090 1013 1156 1073; x_wconf 92' lang='lat' dir='ltr'><strong>et</strong></span> <span class='ocrx_word' id='word_1_76' title='bbox 1194 1008 1607 1074; x_wconf 84' lang='lat' dir='ltr'><strong>delectationi</strong></span> <span class='ocrx_word' id='word_1_77' title='bbox 1647 1030 1786 1072; x_wconf 92' lang='lat' dir='ltr'><strong>esse</strong></span> <span class='ocrx_word' id='word_1_78' title='bbox 1833 1013 2117 1092; x_wconf 85' lang='lat' dir='ltr'><strong>possent,</strong></span> <span class='ocrx_word' id='word_1_79' title='bbox 2161 1009 2263 1073; x_wconf 94' lang='lat' dir='ltr'><strong>his</strong></span> <span class='ocrx_word' id='word_1_80' title='bbox 2311 1030 2466 1073; x_wconf 86' lang='lat' dir='ltr'><strong>vero</strong></span> <span class='ocrx_word' id='word_1_81' title='bbox 2514 1013 2762 1092; x_wconf 91' lang='lat' dir='ltr'><strong>tempo-</strong></span> 
     </span>
     <span class='ocr_line' id='line_1_10' title="bbox 408 1096 2759 1181; baseline -0.001 -19"><span class='ocrx_word' id='word_1_82' title='bbox 408 1098 589 1163; x_wconf 87' lang='lat' dir='ltr'><strong>ribus</strong></span> <span class='ocrx_word' id='word_1_83' title='bbox 635 1098 949 1163; x_wconf 90' lang='lat' dir='ltr'><strong>habemus</strong></span> <span class='ocrx_word' id='word_1_84' title='bbox 996 1097 1173 1162; x_wconf 91' lang='lat' dir='ltr'><strong>aliud</strong></span> <span class='ocrx_word' id='word_1_85' title='bbox 1210 1097 1394 1181; x_wconf 89' lang='lat' dir='ltr'><strong>nihil,</strong></span> <span class='ocrx_word' id='word_1_86' title='bbox 1440 1097 1512 1161; x_wconf 92' lang='lat' dir='ltr'><strong>in</strong></span> <span class='ocrx_word' id='word_1_87' title='bbox 1548 1120 1672 1181; x_wconf 89' lang='lat' dir='ltr'><strong>quo</strong></span> <span class='ocrx_word' id='word_1_88' title='bbox 1713 1097 2223 1181; x_wconf 78' lang='lat' dir='ltr'><strong>adquiescamus·</strong></span> <span class='ocrx_word' id='word_1_89' title='bbox 2295 1096 2483 1162; x_wconf 91' lang='lat' dir='ltr'><strong>Nihil</strong></span> <span class='ocrx_word' id='word_1_90' title='bbox 2520 1096 2759 1161; x_wconf 87' lang='lat' dir='ltr'><strong>faciam</strong></span> 
     </span>
     <span class='ocr_line' id='line_1_11' title="bbox 408 1186 2757 1270; baseline -0.001 -19"><span class='ocrx_word' id='word_1_91' title='bbox 408 1187 764 1252; x_wconf 86' lang='lat' dir='ltr'><strong>insolenter</strong></span> <span class='ocrx_word' id='word_1_92' title='bbox 807 1207 1015 1269; x_wconf 91' lang='lat' dir='ltr'><strong>neque</strong></span> <span class='ocrx_word' id='word_1_93' title='bbox 1061 1190 1126 1251; x_wconf 92' lang='lat' dir='ltr'><strong>te</strong></span> <span class='ocrx_word' id='word_1_94' title='bbox 1171 1186 1290 1250; x_wconf 89' lang='lat' dir='ltr'><strong>tali</strong></span> <span class='ocrx_word' id='word_1_95' title='bbox 1334 1186 1438 1250; x_wconf 83' lang='lat' dir='ltr'><strong>vel</strong></span> <span class='ocrx_word' id='word_1_96' title='bbox 1485 1186 1756 1250; x_wconf 90' lang='lat' dir='ltr'><strong>scientia</strong></span> <span class='ocrx_word' id='word_1_97' title='bbox 1792 1187 1896 1250; x_wconf 79' lang='lat' dir='ltr'><strong>vel</strong></span> <span class='ocrx_word' id='word_1_98' title='bbox 1933 1190 2171 1251; x_wconf 88' lang='lat' dir='ltr'><strong>natura</strong></span> <span class='ocrx_word' id='word_1_99' title='bbox 2207 1186 2578 1270; x_wconf 88' lang='lat' dir='ltr'><strong>praeditum</strong></span> <span class='ocrx_word' id='word_1_100' title='bbox 2617 1186 2757 1250; x_wconf 91' lang='lat' dir='ltr'><strong>hor-</strong></span> 
     </span>
     <span class='ocr_line' id='line_1_12' title="bbox 407 1273 2759 1358; baseline -0 -19"><span class='ocrx_word' id='word_1_101' title='bbox 407 1276 615 1352; x_wconf 89' lang='lat' dir='ltr'><strong>tabor,</strong></span> <span class='ocrx_word' id='word_1_102' title='bbox 661 1279 732 1339; x_wconf 89' lang='lat' dir='ltr'><strong>ut</strong></span> <span class='ocrx_word' id='word_1_103' title='bbox 779 1275 859 1339; x_wconf 91' lang='lat' dir='ltr'><strong>ad</strong></span> <span class='ocrx_word' id='word_1_104' title='bbox 907 1296 1015 1338; x_wconf 89' lang='lat' dir='ltr'><strong>eas</strong></span> <span class='ocrx_word' id='word_1_105' title='bbox 1062 1277 1128 1337; x_wconf 90' lang='lat' dir='ltr'><strong>te</strong></span> <span class='ocrx_word' id='word_1_106' title='bbox 1173 1275 1415 1339; x_wconf 87' lang='lat' dir='ltr'><strong>referas</strong></span> <span class='ocrx_word' id='word_1_107' title='bbox 1464 1278 1657 1358; x_wconf 91' lang='lat' dir='ltr'><strong>artes,</strong></span> <span class='ocrx_word' id='word_1_108' title='bbox 1709 1275 1941 1358; x_wconf 88' lang='lat' dir='ltr'><strong>quibus</strong></span> <span class='ocrx_word' id='word_1_109' title='bbox 1990 1298 2029 1339; x_wconf 92' lang='lat' dir='ltr'><strong>a</strong></span> <span class='ocrx_word' id='word_1_110' title='bbox 2073 1273 2302 1358; x_wconf 90' lang='lat' dir='ltr'><strong>primis</strong></span> <span class='ocrx_word' id='word_1_111' title='bbox 2349 1274 2759 1358; x_wconf 89' lang='lat' dir='ltr'><strong>temporibus</strong></span> 
     </span>
     <span class='ocr_line' id='line_1_13' title="bbox 344 1362 2757 1448; baseline -0.001 -19"><span class='ocrx_word' id='word_1_112' title='bbox 344 1366 389 1429; x_wconf 89' lang='lat'><strong>4</strong></span> <span class='ocrx_word' id='word_1_113' title='bbox 409 1362 639 1428; x_wconf 89' lang='lat' dir='ltr'><strong>aetatis</strong></span> <span class='ocrx_word' id='word_1_114' title='bbox 695 1363 978 1427; x_wconf 88' lang='lat' dir='ltr'><strong>studium</strong></span> <span class='ocrx_word' id='word_1_115' title='bbox 1032 1367 1218 1428; x_wconf 89' lang='lat' dir='ltr'><strong>tuum</strong></span> <span class='ocrx_word' id='word_1_116' title='bbox 1274 1363 1536 1428; x_wconf 89' lang='lat' dir='ltr'><strong>dedisti:</strong></span> <span class='ocrx_word' id='word_1_117' title='bbox 1606 1366 1862 1427; x_wconf 85' lang='lat' dir='ltr'><strong>tantum</strong></span> <span class='ocrx_word' id='word_1_118' title='bbox 1918 1362 2156 1448; x_wconf 88' lang='lat' dir='ltr'><strong>dicam,</strong></span> <span class='ocrx_word' id='word_1_119' title='bbox 2217 1364 2389 1447; x_wconf 89' lang='lat' dir='ltr'><strong>quod</strong></span> <span class='ocrx_word' id='word_1_120' title='bbox 2443 1368 2510 1428; x_wconf 89' lang='lat' dir='ltr'><strong>te</strong></span> <span class='ocrx_word' id='word_1_121' title='bbox 2569 1385 2757 1447; x_wconf 91' lang='lat' dir='ltr'><strong>spero</strong></span> 
     </span>
     <span class='ocr_line' id='line_1_14' title="bbox 409 1450 2759 1536; baseline -0 -20"><span class='ocrx_word' id='word_1_122' title='bbox 409 1451 947 1536; x_wconf 87' lang='lat' dir='ltr'><strong>approbaturum,</strong></span> <span class='ocrx_word' id='word_1_123' title='bbox 1003 1473 1131 1535; x_wconf 92' lang='lat' dir='ltr'><strong>me,</strong></span> <span class='ocrx_word' id='word_1_124' title='bbox 1181 1456 1607 1536; x_wconf 87' lang='lat' dir='ltr'><strong>posteaquam</strong></span> <span class='ocrx_word' id='word_1_125' title='bbox 1652 1452 1754 1516; x_wconf 93' lang='lat' dir='ltr'><strong>illi</strong></span> <span class='ocrx_word' id='word_1_126' title='bbox 1803 1451 1945 1529; x_wconf 88' lang='lat' dir='ltr'><strong>arti,</strong></span> <span class='ocrx_word' id='word_1_127' title='bbox 1992 1453 2094 1518; x_wconf 92' lang='lat' dir='ltr'><strong>cui</strong></span> <span class='ocrx_word' id='word_1_128' title='bbox 2142 1450 2547 1536; x_wconf 86' lang='lat' dir='ltr'><strong>studueram,</strong></span> <span class='ocrx_word' id='word_1_129' title='bbox 2595 1452 2759 1516; x_wconf 87' lang='lat' dir='ltr'><strong>nibil</strong></span> 
     </span>
     <span class='ocr_line' id='line_1_15' title="bbox 408 1540 2758 1626; baseline 0 -22"><span class='ocrx_word' id='word_1_130' title='bbox 408 1562 550 1605; x_wconf 89' lang='lat' dir='ltr'><strong>esse</strong></span> <span class='ocrx_word' id='word_1_131' title='bbox 598 1541 725 1605; x_wconf 93' lang='lat' dir='ltr'><strong>loci</strong></span> <span class='ocrx_word' id='word_1_132' title='bbox 769 1562 976 1624; x_wconf 89' lang='lat' dir='ltr'><strong>neque</strong></span> <span class='ocrx_word' id='word_1_133' title='bbox 1022 1541 1090 1604; x_wconf 93' lang='lat' dir='ltr'><strong>in</strong></span> <span class='ocrx_word' id='word_1_134' title='bbox 1137 1541 1316 1605; x_wconf 86' lang='lat' dir='ltr'><strong>curia</strong></span> <span class='ocrx_word' id='word_1_135' title='bbox 1361 1562 1567 1624; x_wconf 90' lang='lat' dir='ltr'><strong>neque</strong></span> <span class='ocrx_word' id='word_1_136' title='bbox 1612 1541 1681 1605; x_wconf 92' lang='lat' dir='ltr'><strong>in</strong></span> <span class='ocrx_word' id='word_1_137' title='bbox 1721 1540 1867 1605; x_wconf 88' lang='lat' dir='ltr'><strong>foro</strong></span> <span class='ocrx_word' id='word_1_138' title='bbox 1907 1541 2198 1626; x_wconf 86' lang='lat' dir='ltr'><strong>viderim,</strong></span> <span class='ocrx_word' id='word_1_139' title='bbox 2245 1563 2504 1607; x_wconf 92' lang='lat' dir='ltr'><strong>omnem</strong></span> <span class='ocrx_word' id='word_1_140' title='bbox 2543 1563 2758 1606; x_wconf 89' lang='lat' dir='ltr'><strong>meam</strong></span> 
     </span>
     <span class='ocr_line' id='line_1_16' title="bbox 408 1628 2757 1714; baseline 0 -20"><span class='ocrx_word' id='word_1_141' title='bbox 408 1651 629 1694; x_wconf 90' lang='lat' dir='ltr'><strong>curam</strong></span> <span class='ocrx_word' id='word_1_142' title='bbox 677 1632 870 1714; x_wconf 91' lang='lat' dir='ltr'><strong>atque</strong></span> <span class='ocrx_word' id='word_1_143' title='bbox 916 1650 1179 1713; x_wconf 90' lang='lat' dir='ltr'><strong>operam</strong></span> <span class='ocrx_word' id='word_1_144' title='bbox 1228 1629 1306 1693; x_wconf 90' lang='lat' dir='ltr'><strong>ad</strong></span> <span class='ocrx_word' id='word_1_145' title='bbox 1354 1628 1843 1713; x_wconf 89' lang='lat' dir='ltr'><strong>philosophiam</strong></span> <span class='ocrx_word' id='word_1_146' title='bbox 1890 1631 2261 1696; x_wconf 89' lang='lat' dir='ltr'><strong>contulisse.</strong></span> <span class='ocrx_word' id='word_1_147' title='bbox 2338 1631 2516 1695; x_wconf 89' lang='lat' dir='ltr'><strong>Tuae</strong></span> <span class='ocrx_word' id='word_1_148' title='bbox 2555 1630 2757 1695; x_wconf 92' lang='lat' dir='ltr'><strong>scien-</strong></span> 
     </span>
     <span class='ocr_line' id='line_1_17' title="bbox 407 1718 2762 1804; baseline 0.001 -23"><span class='ocrx_word' id='word_1_149' title='bbox 407 1718 537 1782; x_wconf 93' lang='lat' dir='ltr'><strong>tiae</strong></span> <span class='ocrx_word' id='word_1_150' title='bbox 594 1718 930 1783; x_wconf 85' lang='lat' dir='ltr'><strong>excellenti</strong></span> <span class='ocrx_word' id='word_1_151' title='bbox 987 1739 1061 1783; x_wconf 90' lang='lat' dir='ltr'><strong>ac</strong></span> <span class='ocrx_word' id='word_1_152' title='bbox 1122 1719 1439 1803; x_wconf 85' lang='lat' dir='ltr'><strong>singulari</strong></span> <span class='ocrx_word' id='word_1_153' title='bbox 1488 1740 1621 1783; x_wconf 89' lang='lat' dir='ltr'><strong>non</strong></span> <span class='ocrx_word' id='word_1_154' title='bbox 1668 1718 1875 1783; x_wconf 91' lang='lat' dir='ltr'><strong>multo</strong></span> <span class='ocrx_word' id='word_1_155' title='bbox 1923 1719 2070 1803; x_wconf 89' lang='lat' dir='ltr'><strong>plus</strong></span> <span class='ocrx_word' id='word_1_156' title='bbox 2119 1742 2316 1804; x_wconf 89' lang='lat' dir='ltr'><strong>quam</strong></span> <span class='ocrx_word' id='word_1_157' title='bbox 2361 1724 2622 1786; x_wconf 91' lang='lat' dir='ltr'><strong>nostrae</strong></span> <span class='ocrx_word' id='word_1_158' title='bbox 2668 1741 2762 1784; x_wconf 90' lang='lat' dir='ltr'><strong>re-</strong></span> 
     </span>
     <span class='ocr_line' id='line_1_18' title="bbox 405 1806 2762 1893; baseline 0.001 -23"><span class='ocrx_word' id='word_1_159' title='bbox 405 1807 632 1871; x_wconf 89' lang='lat' dir='ltr'><strong>lictum</strong></span> <span class='ocrx_word' id='word_1_160' title='bbox 688 1811 790 1872; x_wconf 92' lang='lat' dir='ltr'><strong>est</strong></span> <span class='ocrx_word' id='word_1_161' title='bbox 842 1806 993 1890; x_wconf 82' lang='lat' dir='ltr'><strong>loci3</strong></span> <span class='ocrx_word' id='word_1_162' title='bbox 1048 1828 1246 1892; x_wconf 90' lang='lat' dir='ltr'><strong>quare</strong></span> <span class='ocrx_word' id='word_1_163' title='bbox 1300 1829 1433 1872; x_wconf 92' lang='lat' dir='ltr'><strong>non</strong></span> <span class='ocrx_word' id='word_1_164' title='bbox 1487 1806 1783 1890; x_wconf 89' lang='lat' dir='ltr'><strong>equidem</strong></span> <span class='ocrx_word' id='word_1_165' title='bbox 1840 1812 1906 1872; x_wconf 92' lang='lat' dir='ltr'><strong>te</strong></span> <span class='ocrx_word' id='word_1_166' title='bbox 1964 1829 2224 1893; x_wconf 90' lang='lat' dir='ltr'><strong>moneo,</strong></span> <span class='ocrx_word' id='word_1_167' title='bbox 2284 1809 2395 1872; x_wconf 89' lang='lat' dir='ltr'><strong>sed</strong></span> <span class='ocrx_word' id='word_1_168' title='bbox 2451 1808 2616 1873; x_wconf 91' lang='lat' dir='ltr'><strong>mihi</strong></span> <span class='ocrx_word' id='word_1_169' title='bbox 2665 1808 2762 1872; x_wconf 91' lang='lat' dir='ltr'><strong>ita</strong></span> 
     </span>
     <span class='ocr_line' id='line_1_19' title="bbox 404 1894 2758 1981; baseline 0 -21"><span class='ocrx_word' id='word_1_170' title='bbox 404 1894 727 1980; x_wconf 89' lang='lat' dir='ltr'><strong>persuasi,</strong></span> <span class='ocrx_word' id='word_1_171' title='bbox 790 1898 857 1959; x_wconf 89' lang='lat' dir='ltr'><strong>te</strong></span> <span class='ocrx_word' id='word_1_172' title='bbox 923 1916 1174 1978; x_wconf 87' lang='lat' dir='ltr'><strong>quoque</strong></span> <span class='ocrx_word' id='word_1_173' title='bbox 1240 1895 1308 1959; x_wconf 90' lang='lat' dir='ltr'><strong>in</strong></span> <span class='ocrx_word' id='word_1_174' title='bbox 1372 1896 1600 1960; x_wconf 90' lang='lat' dir='ltr'><strong>iisdem</strong></span> <span class='ocrx_word' id='word_1_175' title='bbox 1658 1895 1901 1962; x_wconf 85' lang='lat' dir='ltr'><strong>versari</strong></span> <span class='ocrx_word' id='word_1_176' title='bbox 1956 1898 2176 1980; x_wconf 90' lang='lat' dir='ltr'><strong>rebus,</strong></span> <span class='ocrx_word' id='word_1_177' title='bbox 2242 1919 2435 1981; x_wconf 90' lang='lat' dir='ltr'><strong>quae,</strong></span> <span class='ocrx_word' id='word_1_178' title='bbox 2503 1897 2758 1961; x_wconf 90' lang='lat' dir='ltr'><strong>etiamsi</strong></span> 
     </span>
     <span class='ocr_line' id='line_1_20' title="bbox 409 1982 2760 2068; baseline 0.002 -21"><span class='ocrx_word' id='word_1_179' title='bbox 409 1984 621 2048; x_wconf 90' lang='lat' dir='ltr'><strong>minus</strong></span> <span class='ocrx_word' id='word_1_180' title='bbox 676 1983 1083 2068; x_wconf 90' lang='lat' dir='ltr'><strong>prodessent,</strong></span> <span class='ocrx_word' id='word_1_181' title='bbox 1140 1982 1424 2049; x_wconf 86' lang='lat' dir='ltr'><strong>animum</strong></span> <span class='ocrx_word' id='word_1_182' title='bbox 1479 1989 1697 2050; x_wconf 88' lang='lat' dir='ltr'><strong>tamen</strong></span> <span class='ocrx_word' id='word_1_183' title='bbox 1753 2007 1793 2049; x_wconf 90' lang='lat' dir='ltr'><strong>a</strong></span> <span class='ocrx_word' id='word_1_184' title='bbox 1848 1985 2281 2051; x_wconf 88' lang='lat' dir='ltr'><strong>sollicitudine</strong></span> <span class='ocrx_word' id='word_1_185' title='bbox 2337 1987 2760 2052; x_wconf 88' lang='lat' dir='ltr'><strong>abducerent.</strong></span> 
     </span>
     <span class='ocr_line' id='line_1_21' title="bbox 406 2070 2754 2160; baseline 0.001 -24"><span class='ocrx_word' id='word_1_186' title='bbox 406 2070 668 2137; x_wconf 80' lang='lat' dir='ltr'><strong>Servius</strong></span> <span class='ocrx_word' id='word_1_187' title='bbox 707 2072 961 2155; x_wconf 90' lang='lat' dir='ltr'><strong>quidem</strong></span> <span class='ocrx_word' id='word_1_188' title='bbox 1001 2076 1151 2137; x_wconf 89' lang='lat' dir='ltr'><strong>tuus</strong></span> <span class='ocrx_word' id='word_1_189' title='bbox 1187 2074 1258 2137; x_wconf 94' lang='lat' dir='ltr'><strong>in</strong></span> <span class='ocrx_word' id='word_1_190' title='bbox 1295 2074 1598 2139; x_wconf 88' lang='lat' dir='ltr'><strong>omnibus</strong></span> <span class='ocrx_word' id='word_1_191' title='bbox 1636 2074 1939 2160; x_wconf 84' lang='lat' dir='ltr'><strong>ingenuis</strong></span> <span class='ocrx_word' id='word_1_192' title='bbox 1982 2076 2232 2140; x_wconf 89' lang='lat' dir='ltr'><strong>artibus</strong></span> <span class='ocrx_word' id='word_1_193' title='bbox 2281 2076 2349 2138; x_wconf 92' lang='lat' dir='ltr'><strong>in</strong></span> <span class='ocrx_word' id='word_1_194' title='bbox 2394 2075 2754 2159; x_wconf 90' lang='lat' dir='ltr'><strong>primisque</strong></span> 
     </span>
     <span class='ocr_line' id='line_1_22' title="bbox 405 2160 2757 2247; baseline 0.002 -24"><span class='ocrx_word' id='word_1_195' title='bbox 405 2160 476 2223; x_wconf 92' lang='lat' dir='ltr'><strong>in</strong></span> <span class='ocrx_word' id='word_1_196' title='bbox 527 2160 676 2244; x_wconf 90' lang='lat' dir='ltr'><strong>hac,</strong></span> <span class='ocrx_word' id='word_1_197' title='bbox 734 2163 799 2223; x_wconf 91' lang='lat' dir='ltr'><strong>in</strong></span> <span class='ocrx_word' id='word_1_198' title='bbox 854 2183 981 2245; x_wconf 90' lang='lat' dir='ltr'><strong>qua</strong></span> <span class='ocrx_word' id='word_1_199' title='bbox 1031 2182 1153 2247; x_wconf 90' lang='lat' dir='ltr'><strong>ego</strong></span> <span class='ocrx_word' id='word_1_200' title='bbox 1210 2184 1313 2226; x_wconf 91' lang='lat' dir='ltr'><strong>me</strong></span> <span class='ocrx_word' id='word_1_201' title='bbox 1368 2163 1602 2247; x_wconf 89' lang='lat' dir='ltr'><strong>scripsi</strong></span> <span class='ocrx_word' id='word_1_202' title='bbox 1656 2162 2091 2247; x_wconf 87' lang='lat' dir='ltr'><strong>adquiescere,</strong></span> <span class='ocrx_word' id='word_1_203' title='bbox 2145 2164 2242 2229; x_wconf 90' lang='lat' dir='ltr'><strong>ita</strong></span> <span class='ocrx_word' id='word_1_204' title='bbox 2298 2168 2619 2247; x_wconf 88' lang='lat' dir='ltr'><strong>versatur,</strong></span> <span class='ocrx_word' id='word_1_205' title='bbox 2681 2166 2757 2228; x_wconf 92' lang='lat' dir='ltr'><strong>ut</strong></span> 
     </span>
     <span class='ocr_line' id='line_1_23' title="bbox 406 2249 2748 2337; baseline 0.001 -25"><span class='ocrx_word' id='word_1_206' title='bbox 406 2249 703 2332; x_wconf 83' lang='lat' dir='ltr'><strong>excellat3</strong></span> <span class='ocrx_word' id='word_1_207' title='bbox 756 2270 796 2312; x_wconf 89' lang='lat' dir='ltr'><strong>a</strong></span> <span class='ocrx_word' id='word_1_208' title='bbox 840 2271 942 2313; x_wconf 91' lang='lat' dir='ltr'><strong>me</strong></span> <span class='ocrx_word' id='word_1_209' title='bbox 986 2271 1140 2316; x_wconf 79' lang='lat' dir='ltr'><strong>vero</strong></span> <span class='ocrx_word' id='word_1_210' title='bbox 1188 2251 1281 2316; x_wconf 91' lang='lat' dir='ltr'><strong>sic</strong></span> <span class='ocrx_word' id='word_1_211' title='bbox 1327 2250 1646 2337; x_wconf 85' lang='lat' dir='ltr'><strong>diligitur,</strong></span> <span class='ocrx_word' id='word_1_212' title='bbox 1693 2255 1766 2315; x_wconf 90' lang='lat' dir='ltr'><strong>ut</strong></span> <span class='ocrx_word' id='word_1_213' title='bbox 1810 2252 1930 2315; x_wconf 92' lang='lat' dir='ltr'><strong>tibi</strong></span> <span class='ocrx_word' id='word_1_214' title='bbox 1978 2252 2092 2316; x_wconf 91' lang='lat' dir='ltr'><strong>uni</strong></span> <span class='ocrx_word' id='word_1_215' title='bbox 2138 2252 2515 2332; x_wconf 90' lang='lat' dir='ltr'><strong>concedam,</strong></span> <span class='ocrx_word' id='word_1_216' title='bbox 2562 2273 2748 2335; x_wconf 89' lang='lat' dir='ltr'><strong>prae-</strong></span> 
     </span>
     <span class='ocr_line' id='line_1_24' title="bbox 405 2338 2750 2425; baseline 0.001 -24"><span class='ocrx_word' id='word_1_217' title='bbox 405 2340 581 2402; x_wconf 87' lang='lat' dir='ltr'><strong>terea</strong></span> <span class='ocrx_word' id='word_1_218' title='bbox 609 2338 881 2422; x_wconf 90' lang='lat' dir='ltr'><strong>nemini;</strong></span> <span class='ocrx_word' id='word_1_219' title='bbox 917 2338 1203 2423; x_wconf 89' lang='lat' dir='ltr'><strong>mihique</strong></span> <span class='ocrx_word' id='word_1_220' title='bbox 1232 2339 1314 2404; x_wconf 89' lang='lat' dir='ltr'><strong>ab</strong></span> <span class='ocrx_word' id='word_1_221' title='bbox 1346 2361 1420 2404; x_wconf 92' lang='lat' dir='ltr'><strong>eo</strong></span> <span class='ocrx_word' id='word_1_222' title='bbox 1448 2339 1664 2425; x_wconf 87' lang='lat' dir='ltr'><strong>gratia</strong></span> <span class='ocrx_word' id='word_1_223' title='bbox 1691 2339 1987 2425; x_wconf 85' lang='lat' dir='ltr'><strong>refertur,</strong></span> <span class='ocrx_word' id='word_1_224' title='bbox 2014 2340 2082 2405; x_wconf 93' lang='lat' dir='ltr'><strong>in</strong></span> <span class='ocrx_word' id='word_1_225' title='bbox 2112 2363 2242 2425; x_wconf 88' lang='lat' dir='ltr'><strong>quo</strong></span> <span class='ocrx_word' id='word_1_226' title='bbox 2269 2340 2380 2404; x_wconf 93' lang='lat' dir='ltr'><strong>ille</strong></span> <span class='ocrx_word' id='word_1_227' title='bbox 2411 2340 2750 2405; x_wconf 85' lang='lat' dir='ltr'><strong>existimat</strong></span> 
     </span>
     <span class='ocr_line' id='line_1_25' title="bbox 409 2427 2752 2512; baseline 0.001 -22"><span class='ocrx_word' id='word_1_228' title='bbox 409 2461 486 2473; x_wconf 93' lang='lat'>-</span> <span class='ocrx_word' id='word_1_229' title='bbox 539 2427 707 2511; x_wconf 91' lang='lat' dir='ltr'><strong>quod</strong></span> <span class='ocrx_word' id='word_1_230' title='bbox 763 2427 955 2492; x_wconf 86' lang='lat' dir='ltr'><strong>facile</strong></span> <span class='ocrx_word' id='word_1_231' title='bbox 1010 2435 1323 2512; x_wconf 89' lang='lat' dir='ltr'><strong>appareat</strong></span> <span class='ocrx_word' id='word_1_232' title='bbox 1376 2465 1482 2510; x_wconf 87' lang='lat'><strong>—‚</strong></span> <span class='ocrx_word' id='word_1_233' title='bbox 1539 2450 1684 2493; x_wconf 92' lang='lat' dir='ltr'><strong>cum</strong></span> <span class='ocrx_word' id='word_1_234' title='bbox 1739 2450 1842 2493; x_wconf 93' lang='lat' dir='ltr'><strong>me</strong></span> <span class='ocrx_word' id='word_1_235' title='bbox 1898 2430 2071 2494; x_wconf 91' lang='lat' dir='ltr'><strong>colat</strong></span> <span class='ocrx_word' id='word_1_236' title='bbox 2125 2433 2191 2495; x_wconf 90' lang='lat' dir='ltr'><strong>et</strong></span> <span class='ocrx_word' id='word_1_237' title='bbox 2242 2429 2568 2508; x_wconf 81' lang='lat' dir='ltr'><strong>observet,</strong></span> <span class='ocrx_word' id='word_1_238' title='bbox 2622 2429 2752 2493; x_wconf 92' lang='lat' dir='ltr'><strong>tibi</strong></span> 
     </span>
     <span class='ocr_line' id='line_1_26' title="bbox 406 2515 1781 2602; baseline 0.002 -23"><span class='ocrx_word' id='word_1_239' title='bbox 406 2536 659 2599; x_wconf 87' lang='lat' dir='ltr'><strong>quoque</strong></span> <span class='ocrx_word' id='word_1_240' title='bbox 705 2516 772 2579; x_wconf 91' lang='lat' dir='ltr'><strong>in</strong></span> <span class='ocrx_word' id='word_1_241' title='bbox 819 2538 894 2582; x_wconf 96' lang='lat' dir='ltr'><strong>eo</strong></span> <span class='ocrx_word' id='word_1_242' title='bbox 942 2538 1010 2581; x_wconf 92' lang='lat' dir='ltr'><strong>se</strong></span> <span class='ocrx_word' id='word_1_243' title='bbox 1058 2515 1269 2582; x_wconf 86' lang='lat' dir='ltr'><strong>facere</strong></span> <span class='ocrx_word' id='word_1_244' title='bbox 1316 2518 1781 2602; x_wconf 89' lang='lat' dir='ltr'><strong>gratissimum.</strong></span> 
     </span>
    </p>
   </div>
   <div class='ocr_carea' id='block_1_3' title="bbox 399 2744 1528 4019">
    <p class='ocr_par' dir='ltr' id='par_1_3' title="bbox 405 2744 1528 3240">
     <span class='ocr_line' id='line_1_27' title="bbox 478 2744 1527 2814; baseline 0 -15"><span class='ocrx_word' id='word_1_245' title='bbox 478 2751 528 2799; x_wconf 83' lang='lat'><strong>3.</strong></span> <span class='ocrx_word' id='word_1_246' title='bbox 567 2745 759 2813; x_wconf 79' lang='lat' dir='ltr'><strong>levari]</strong></span> <span class='ocrx_word' id='word_1_247' title='bbox 806 2744 918 2814; x_wconf 81' lang='lat' dir='ltr'><strong>vgl.</strong></span> <span class='ocrx_word' id='word_1_248' title='bbox 968 2745 1144 2799; x_wconf 77' lang='lat' dir='ltr'><strong>levare</strong></span> <span class='ocrx_word' id='word_1_249' title='bbox 1186 2744 1266 2797; x_wconf 90' lang='lat' dir='ltr'><strong>im</strong></span> <span class='ocrx_word' id='word_1_250' title='bbox 1313 2744 1527 2812; x_wconf 87' lang='lat' dir='ltr'><strong>Gegen-</strong></span> 
     </span>
     <span class='ocr_line' id='line_1_28' title="bbox 407 2814 1526 2872; baseline -0.001 -3"><span class='ocrx_word' id='word_1_251' title='bbox 407 2821 523 2870; x_wconf 82' lang='lat' dir='ltr'><strong>satz</strong></span> <span class='ocrx_word' id='word_1_252' title='bbox 582 2833 649 2869; x_wconf 85' lang='lat' dir='ltr'><strong>zu</strong></span> <span class='ocrx_word' id='word_1_253' title='bbox 694 2819 940 2871; x_wconf 77' lang='lat' dir='ltr'><strong>oratione</strong></span> <span class='ocrx_word' id='word_1_254' title='bbox 985 2816 1152 2870; x_wconf 79' lang='lat' dir='ltr'><strong>lenire</strong></span> <span class='ocrx_word' id='word_1_255' title='bbox 1197 2814 1293 2870; x_wconf 87' lang='lat'><strong>111.</strong></span> <span class='ocrx_word' id='word_1_256' title='bbox 1343 2822 1426 2870; x_wconf 78' lang='lat'><strong>17.</strong></span> <span class='ocrx_word' id='word_1_257' title='bbox 1478 2821 1526 2872; x_wconf 93' lang='lat'><strong>1.</strong></span> 
     </span>
     <span class='ocr_line' id='line_1_29' title="bbox 407 2886 1528 2955; baseline -0.001 -15"><span class='ocrx_word' id='word_1_258' title='bbox 407 2917 475 2925; x_wconf 91' lang='lat'><strong>—-</strong></span> <span class='ocrx_word' id='word_1_259' title='bbox 509 2886 748 2955; x_wconf 74' lang='lat' dir='ltr'><strong>Reliqua</strong></span> <span class='ocrx_word' id='word_1_260' title='bbox 784 2928 797 2940; x_wconf 92' lang='lat'><strong>.</strong></span> <span class='ocrx_word' id='word_1_261' title='bbox 839 2928 850 2940; x_wconf 95' lang='lat'><strong>.</strong></span> <span class='ocrx_word' id='word_1_262' title='bbox 888 2886 1095 2941; x_wconf 79' lang='lat' dir='ltr'><strong>solacia</strong></span> <span class='ocrx_word' id='word_1_263' title='bbox 1159 2886 1250 2940; x_wconf 90' lang='lat' dir='ltr'><strong>die</strong></span> <span class='ocrx_word' id='word_1_264' title='bbox 1293 2886 1528 2955; x_wconf 77' lang='lat' dir='ltr'><strong>fibrigen</strong></span> 
     </span>
     <span class='ocr_line' id='line_1_30' title="bbox 407 2955 1527 3026; baseline 0.003 -18"><span class='ocrx_word' id='word_1_265' title='bbox 407 2955 777 3023; x_wconf 84' lang='lat' dir='ltr'><strong>Trostmittel,</strong></span> <span class='ocrx_word' id='word_1_266' title='bbox 816 2956 867 3012; x_wconf 91' lang='lat' dir='ltr'><strong>d.</strong></span> <span class='ocrx_word' id='word_1_267' title='bbox 897 2956 933 3011; x_wconf 90' lang='lat' dir='ltr'><strong>i.</strong></span> <span class='ocrx_word' id='word_1_268' title='bbox 963 2955 1055 3010; x_wconf 90' lang='lat' dir='ltr'><strong>die</strong></span> <span class='ocrx_word' id='word_1_269' title='bbox 1133 2956 1527 3026; x_wconf 62' lang='lat' dir='ltr'><strong>eschaftigung</strong></span> 
     </span>
     <span class='ocr_line' id='line_1_31' title="bbox 406 3026 1523 3084; baseline 0.001 -4"><span class='ocrx_word' id='word_1_270' title='bbox 406 3026 514 3080; x_wconf 88' lang='lat' dir='ltr'><strong>mit</strong></span> <span class='ocrx_word' id='word_1_271' title='bbox 550 3026 658 3079; x_wconf 90' lang='lat' dir='ltr'><strong>den</strong></span> <span class='ocrx_word' id='word_1_272' title='bbox 694 3027 1191 3082; x_wconf 76' lang='lat' dir='ltr'><strong>wissenschaften.</strong></span> <span class='ocrx_word' id='word_1_273' title='bbox 1225 3058 1292 3067; x_wconf 93' lang='lat'><strong>—</strong></span> <span class='ocrx_word' id='word_1_274' title='bbox 1321 3029 1523 3084; x_wconf 82' lang='lat' dir='ltr'><strong>doctri·</strong></span> 
     </span>
     <span class='ocr_line' id='line_1_32' title="bbox 405 3097 1521 3168; baseline 0 -16"><span class='ocrx_word' id='word_1_275' title='bbox 405 3097 631 3168; x_wconf 72' lang='lat' dir='ltr'><strong>narum]</strong></span> <span class='ocrx_word' id='word_1_276' title='bbox 672 3098 891 3166; x_wconf 84' lang='lat' dir='ltr'><strong>Zweige</strong></span> <span class='ocrx_word' id='word_1_277' title='bbox 929 3098 1027 3151; x_wconf 91' lang='lat' dir='ltr'><strong>der</strong></span> <span class='ocrx_word' id='word_1_278' title='bbox 1058 3098 1521 3153; x_wconf 84' lang='lat' dir='ltr'><strong>Gelehrsamkeit.</strong></span> 
     </span>
     <span class='ocr_line' id='line_1_33' title="bbox 407 3167 1524 3240; baseline 0.003 -19"><span class='ocrx_word' id='word_1_279' title='bbox 407 3198 474 3208; x_wconf 93' lang='lat'>—</span> <span class='ocrx_word' id='word_1_280' title='bbox 521 3169 743 3237; x_wconf 77' lang='lat' dir='ltr'><strong>optimis</strong></span> <span class='ocrx_word' id='word_1_281' title='bbox 786 3169 968 3240; x_wconf 79' lang='lat' dir='ltr'><strong>rebus]</strong></span> <span class='ocrx_word' id='word_1_282' title='bbox 1024 3167 1059 3222; x_wconf 90' lang='lat' dir='ltr'><strong>i</strong></span> <span class='ocrx_word' id='word_1_283' title='bbox 1100 3186 1145 3222; x_wconf 92' lang='lat' dir='ltr'><strong>e.</strong></span> <span class='ocrx_word' id='word_1_284' title='bbox 1184 3169 1416 3224; x_wconf 88' lang='lat' dir='ltr'><strong>florente</strong></span> <span class='ocrx_word' id='word_1_285' title='bbox 1463 3187 1524 3223; x_wconf 90' lang='lat' dir='ltr'><strong>re</strong></span> 
     </span>
    </p>

    <p class='ocr_par' dir='ltr' id='par_1_4' title="bbox 404 3238 849 3308">
     <span class='ocr_line' id='line_1_34' title="bbox 404 3238 849 3308; baseline 0 -15"><span class='ocrx_word' id='word_1_286' title='bbox 404 3238 647 3308; x_wconf 86' lang='lat' dir='ltr'><strong>publica.</strong></span> <span class='ocrx_word' id='word_1_287' title='bbox 703 3239 849 3293; x_wconf 85' lang='lat' dir='ltr'><strong>Man.</strong></span> 
     </span>
    </p>

    <p class='ocr_par' dir='ltr' id='par_1_5' title="bbox 399 3310 1527 4019">
     <span class='ocr_line' id='line_1_35' title="bbox 476 3310 1523 3381; baseline 0.002 -18"><span class='ocrx_word' id='word_1_288' title='bbox 476 3314 527 3363; x_wconf 83' lang='lat'><strong>4.</strong></span> <span class='ocrx_word' id='word_1_289' title='bbox 583 3311 673 3365; x_wconf 78' lang='lat' dir='ltr'><strong>illi</strong></span> <span class='ocrx_word' id='word_1_290' title='bbox 728 3311 866 3381; x_wconf 83' lang='lat' dir='ltr'><strong>arti]</strong></span> <span class='ocrx_word' id='word_1_291' title='bbox 931 3311 1030 3364; x_wconf 92' lang='lat' dir='ltr'><strong>der</strong></span> <span class='ocrx_word' id='word_1_292' title='bbox 1085 3310 1523 3377; x_wconf 85' lang='lat' dir='ltr'><strong>Beredsamkeit,</strong></span> 
     </span>
     <span class='ocr_line' id='line_1_36' title="bbox 404 3381 1524 3436; baseline 0 -2"><span class='ocrx_word' id='word_1_293' title='bbox 404 3381 670 3435; x_wconf 63' lang='lat' dir='ltr'><strong>wahrend</strong></span> <span class='ocrx_word' id='word_1_294' title='bbox 715 3387 842 3436; x_wconf 75' lang='lat' dir='ltr'><strong>tuae</strong></span> <span class='ocrx_word' id='word_1_295' title='bbox 876 3382 1132 3436; x_wconf 76' lang='lat' dir='ltr'><strong>scientiae</strong></span> <span class='ocrx_word' id='word_1_296' title='bbox 1170 3408 1238 3427; x_wconf 82' lang='lat'><strong>==</strong></span> <span class='ocrx_word' id='word_1_297' title='bbox 1275 3398 1349 3436; x_wconf 92' lang='lat' dir='ltr'><strong>sc.</strong></span> <span class='ocrx_word' id='word_1_298' title='bbox 1388 3382 1524 3435; x_wconf 85' lang='lat' dir='ltr'><strong>iuris</strong></span> 
     </span>
     <span class='ocr_line' id='line_1_37' title="bbox 404 3449 1520 3521; baseline 0.001 -17"><span class='ocrx_word' id='word_1_299' title='bbox 404 3449 602 3507; x_wconf 82' lang='lat' dir='ltr'><strong>civilis.</strong></span> <span class='ocrx_word' id='word_1_300' title='bbox 675 3451 756 3506; x_wconf 90' lang='lat' dir='ltr'><strong>Im</strong></span> <span class='ocrx_word' id='word_1_301' title='bbox 805 3453 1010 3507; x_wconf 87' lang='lat' dir='ltr'><strong>Brutus</strong></span> <span class='ocrx_word' id='word_1_302' title='bbox 1057 3469 1102 3507; x_wconf 92' lang='lat' dir='ltr'><strong>c.</strong></span> <span class='ocrx_word' id='word_1_303' title='bbox 1141 3458 1207 3506; x_wconf 80' lang='lat'><strong>41</strong></span> <span class='ocrx_word' id='word_1_304' title='bbox 1259 3455 1386 3521; x_wconf 86' lang='lat' dir='ltr'><strong>sagt</strong></span> <span class='ocrx_word' id='word_1_305' title='bbox 1433 3451 1520 3506; x_wconf 85' lang='lat' dir='ltr'><strong>Ci-</strong></span> 
     </span>
     <span class='ocr_line' id='line_1_38' title="bbox 403 3523 1525 3593; baseline 0.001 -16"><span class='ocrx_word' id='word_1_306' title='bbox 403 3538 529 3578; x_wconf 87' lang='lat' dir='ltr'><strong>cero</strong></span> <span class='ocrx_word' id='word_1_307' title='bbox 576 3538 684 3576; x_wconf 89' lang='lat' dir='ltr'><strong>von</strong></span> <span class='ocrx_word' id='word_1_308' title='bbox 726 3523 977 3578; x_wconf 85' lang='lat' dir='ltr'><strong>Servius:</strong></span> <span class='ocrx_word' id='word_1_309' title='bbox 1022 3525 1236 3587; x_wconf 78' lang='lat' dir='ltr'><strong>maluit,</strong></span> <span class='ocrx_word' id='word_1_310' title='bbox 1281 3525 1343 3578; x_wconf 74' lang='lat' dir='ltr'><strong>id</strong></span> <span class='ocrx_word' id='word_1_311' title='bbox 1379 3524 1525 3593; x_wconf 78' lang='lat' dir='ltr'><strong>quod</strong></span> 
     </span>
     <span class='ocr_line' id='line_1_39' title="bbox 403 3595 1525 3664; baseline 0.001 -17"><span class='ocrx_word' id='word_1_312' title='bbox 403 3599 482 3648; x_wconf 77' lang='lat' dir='ltr'><strong>eet</strong></span> <span class='ocrx_word' id='word_1_313' title='bbox 545 3595 803 3664; x_wconf 69' lang='lat' dir='ltr'><strong>adeptae,</strong></span> <span class='ocrx_word' id='word_1_314' title='bbox 869 3596 1024 3664; x_wconf 74' lang='lat' dir='ltr'><strong>lonye</strong></span> <span class='ocrx_word' id='word_1_315' title='bbox 1082 3596 1347 3661; x_wconf 80' lang='lat' dir='ltr'><strong>omnium,</strong></span> <span class='ocrx_word' id='word_1_316' title='bbox 1412 3610 1525 3649; x_wconf 78' lang='lat' dir='ltr'><strong>mm</strong></span> 
     </span>
     <span class='ocr_line' id='line_1_40' title="bbox 404 3664 1526 3733; baseline 0.003 -16"><span class='ocrx_word' id='word_1_317' title='bbox 404 3664 639 3718; x_wconf 76' lang='lat' dir='ltr'><strong>eiusdem</strong></span> <span class='ocrx_word' id='word_1_318' title='bbox 698 3666 856 3720; x_wconf 87' lang='lat' dir='ltr'><strong>modo</strong></span> <span class='ocrx_word' id='word_1_319' title='bbox 910 3667 1106 3720; x_wconf 78' lang='lat' dir='ltr'><strong>aetatis</strong></span> <span class='ocrx_word' id='word_1_320' title='bbox 1114 3707 1132 3733; x_wconf 92' lang='lat'><strong>,</strong></span> <span class='ocrx_word' id='word_1_321' title='bbox 1196 3667 1289 3719; x_wconf 78' lang='lat' dir='ltr'><strong>sed</strong></span> <span class='ocrx_word' id='word_1_322' title='bbox 1342 3681 1526 3720; x_wconf 76' lang='lat' dir='ltr'><strong>eorwm</strong></span> 
     </span>
     <span class='ocr_line' id='line_1_41' title="bbox 402 3736 1527 3804; baseline 0.001 -15"><span class='ocrx_word' id='word_1_323' title='bbox 402 3736 592 3802; x_wconf 82' lang='lat' dir='ltr'><strong>etiam,</strong></span> <span class='ocrx_word' id='word_1_324' title='bbox 648 3737 746 3804; x_wconf 78' lang='lat' dir='ltr'><strong>qui</strong></span> <span class='ocrx_word' id='word_1_325' title='bbox 788 3737 1049 3803; x_wconf 75' lang='lat' dir='ltr'><strong>fuissent,</strong></span> <span class='ocrx_word' id='word_1_326' title='bbox 1098 3738 1163 3791; x_wconf 74' lang='lat' dir='ltr'><strong>in</strong></span> <span class='ocrx_word' id='word_1_327' title='bbox 1207 3737 1328 3790; x_wconf 81' lang='lat' dir='ltr'><strong>iure</strong></span> <span class='ocrx_word' id='word_1_328' title='bbox 1373 3737 1527 3791; x_wconf 75' lang='lat' dir='ltr'><strong>civili</strong></span> 
     </span>
     <span class='ocr_line' id='line_1_42' title="bbox 400 3807 1527 3876; baseline 0.002 -16"><span class='ocrx_word' id='word_1_329' title='bbox 400 3822 511 3861; x_wconf 77' lang='lat' dir='ltr'><strong>esse</strong></span> <span class='ocrx_word' id='word_1_330' title='bbox 546 3807 852 3876; x_wconf 76' lang='lat' dir='ltr'><strong>princeps.</strong></span> <span class='ocrx_word' id='word_1_331' title='bbox 928 3808 1050 3863; x_wconf 74' lang='lat' dir='ltr'><strong>‚sic</strong></span> <span class='ocrx_word' id='word_1_332' title='bbox 1097 3808 1240 3863; x_wconf 79' lang='lat' dir='ltr'><strong>enim</strong></span> <span class='ocrx_word' id='word_1_333' title='bbox 1276 3809 1527 3862; x_wconf 61' lang='lat' dir='ltr'><strong>existimo</strong></span> 
     </span>
     <span class='ocr_line' id='line_1_43' title="bbox 399 3877 1527 3948; baseline 0.002 -18"><span class='ocrx_word' id='word_1_334' title='bbox 399 3877 548 3931; x_wconf 74' lang='lat' dir='ltr'><strong>iuris</strong></span> <span class='ocrx_word' id='word_1_335' title='bbox 585 3878 764 3933; x_wconf 71' lang='lat' dir='ltr'><strong>civilis</strong></span> <span class='ocrx_word' id='word_1_336' title='bbox 797 3895 1056 3948; x_wconf 73' lang='lat' dir='ltr'><strong>maynum</strong></span> <span class='ocrx_word' id='word_1_337' title='bbox 1092 3894 1252 3933; x_wconf 77' lang='lat' dir='ltr'><strong>usum</strong></span> <span class='ocrx_word' id='word_1_338' title='bbox 1288 3885 1338 3934; x_wconf 84' lang='lat' dir='ltr'><strong>et</strong></span> <span class='ocrx_word' id='word_1_339' title='bbox 1373 3880 1527 3947; x_wconf 77' lang='lat' dir='ltr'><strong>apud</strong></span> 
     </span>
     <span class='ocr_line' id='line_1_44' title="bbox 403 3947 1528 4019; baseline 0.001 -16"><span class='ocrx_word' id='word_1_340' title='bbox 403 3947 716 4004; x_wconf 83' lang='lat' dir='ltr'><strong>Scaevolam</strong></span> <span class='ocrx_word' id='word_1_341' title='bbox 771 3955 822 4004; x_wconf 79' lang='lat' dir='ltr'><strong>et</strong></span> <span class='ocrx_word' id='word_1_342' title='bbox 876 3951 1029 4019; x_wconf 78' lang='lat' dir='ltr'><strong>apud</strong></span> <span class='ocrx_word' id='word_1_343' title='bbox 1082 3951 1277 4005; x_wconf 78' lang='lat' dir='ltr'><strong>multos</strong></span> <span class='ocrx_word' id='word_1_344' title='bbox 1326 3951 1528 4018; x_wconf 42' lang='lat' dir='ltr'><strong>fuisse&amp;</strong></span> 
     </span>
    </p>
   </div>
   <div class='ocr_carea' id='block_1_4' title="bbox 1631 2746 2764 3297">
    <p class='ocr_par' dir='ltr' id='par_1_6' title="bbox 1631 2746 2764 3297">
     <span class='ocr_line' id='line_1_45' title="bbox 1639 2746 2764 2815; baseline 0.001 -16"><span class='ocrx_word' id='word_1_345' title='bbox 1639 2751 1811 2800; x_wconf 80' lang='lat' dir='ltr'><strong>artem</strong></span> <span class='ocrx_word' id='word_1_346' title='bbox 1856 2747 1921 2800; x_wconf 78' lang='lat' dir='ltr'><strong>in</strong></span> <span class='ocrx_word' id='word_1_347' title='bbox 1963 2746 2062 2800; x_wconf 80' lang='lat' dir='ltr'><strong>hoc</strong></span> <span class='ocrx_word' id='word_1_348' title='bbox 2105 2762 2246 2813; x_wconf 69' lang='grc' dir='ltr'><em>ωηο,</em></span> <span class='ocrx_word' id='word_1_349' title='bbox 2290 2747 2435 2814; x_wconf 78' lang='lat' dir='ltr'><strong>quod</strong></span> <span class='ocrx_word' id='word_1_350' title='bbox 2473 2762 2764 2815; x_wconf 75' lang='lat' dir='ltr'><strong>nunquam</strong></span> 
     </span>
     <span class='ocr_line' id='line_1_46' title="bbox 1634 2818 2764 2885; baseline -0.001 -14"><span class='ocrx_word' id='word_1_351' title='bbox 1634 2818 1889 2884; x_wconf 74' lang='lat' dir='ltr'><strong>effecisset</strong></span> <span class='ocrx_word' id='word_1_352' title='bbox 1933 2818 2112 2885; x_wconf 76' lang='lat' dir='ltr'><strong>ipsius</strong></span> <span class='ocrx_word' id='word_1_353' title='bbox 2155 2818 2298 2872; x_wconf 77' lang='lat' dir='ltr'><strong>iuris</strong></span> <span class='ocrx_word' id='word_1_354' title='bbox 2341 2818 2602 2883; x_wconf 77' lang='lat' dir='ltr'><strong>seientia,</strong></span> <span class='ocrx_word' id='word_1_355' title='bbox 2646 2819 2764 2871; x_wconf 74' lang='lat' dir='ltr'><strong>nisi</strong></span> 
     </span>
     <span class='ocr_line' id='line_1_47' title="bbox 1633 2888 2764 2969; baseline 0 -27"><span class='ocrx_word' id='word_1_356' title='bbox 1633 2904 1753 2942; x_wconf 87' lang='lat' dir='ltr'><strong>eam</strong></span> <span class='ocrx_word' id='word_1_357' title='bbox 1771 2893 2062 2969; x_wconf 76' lang='lat' dir='ltr'><strong>praeterea</strong></span> <span class='ocrx_word' id='word_1_358' title='bbox 2087 2888 2367 2942; x_wconf 77' lang='lat' dir='ltr'><strong>didicisset</strong></span> <span class='ocrx_word' id='word_1_359' title='bbox 2395 2893 2584 2953; x_wconf 85' lang='lat' dir='ltr'><strong>artem,</strong></span> <span class='ocrx_word' id='word_1_360' title='bbox 2621 2905 2764 2956; x_wconf 75' lang='lat' dir='ltr'><strong>quae</strong></span> 
     </span>
     <span class='ocr_line' id='line_1_48' title="bbox 1634 2956 2763 3026; baseline 0.001 -13"><span class='ocrx_word' id='word_1_361' title='bbox 1634 2964 1727 3013; x_wconf 83' lang='lat' dir='ltr'><strong>ete.</strong></span> <span class='ocrx_word' id='word_1_362' title='bbox 1765 2958 1877 3026; x_wconf 92' lang='lat' dir='ltr'><strong>(die</strong></span> <span class='ocrx_word' id='word_1_363' title='bbox 1905 2956 2263 3026; x_wconf 85' lang='lat' dir='ltr'><strong>Dialektik).</strong></span> <span class='ocrx_word' id='word_1_364' title='bbox 2345 2958 2461 3013; x_wconf 81' lang='lat' dir='ltr'><strong>Hic</strong></span> <span class='ocrx_word' id='word_1_365' title='bbox 2495 2959 2643 3011; x_wconf 80' lang='lat' dir='ltr'><strong>enim</strong></span> <span class='ocrx_word' id='word_1_366' title='bbox 2677 2965 2763 3014; x_wconf 84' lang='lat' dir='ltr'><strong>at·</strong></span> 
     </span>
     <span class='ocr_line' id='line_1_49' title="bbox 1636 3029 2764 3097; baseline 0.001 -14"><span class='ocrx_word' id='word_1_367' title='bbox 1636 3029 1766 3083; x_wconf 76' lang='lat' dir='ltr'><strong>tulit</strong></span> <span class='ocrx_word' id='word_1_368' title='bbox 1800 3029 1945 3084; x_wconf 77' lang='lat' dir='ltr'><strong>hane</strong></span> <span class='ocrx_word' id='word_1_369' title='bbox 1981 3034 2150 3083; x_wconf 83' lang='lat' dir='ltr'><strong>artem</strong></span> <span class='ocrx_word' id='word_1_370' title='bbox 2187 3030 2350 3097; x_wconf 75' lang='lat' dir='ltr'><strong>quasi</strong></span> <span class='ocrx_word' id='word_1_371' title='bbox 2387 3031 2555 3083; x_wconf 76' lang='lat' dir='ltr'><strong>lucem</strong></span> <span class='ocrx_word' id='word_1_372' title='bbox 2594 3030 2668 3083; x_wconf 79' lang='lat' dir='ltr'><strong>ad</strong></span> <span class='ocrx_word' id='word_1_373' title='bbox 2697 3047 2764 3084; x_wconf 83' lang='lat' dir='ltr'><strong>ea</strong></span> 
     </span>
     <span class='ocr_line' id='line_1_50' title="bbox 1632 3101 2762 3169; baseline -0.001 -15"><span class='ocrx_word' id='word_1_374' title='bbox 1632 3116 1772 3169; x_wconf 75' lang='lat' dir='ltr'><strong>quae</strong></span> <span class='ocrx_word' id='word_1_375' title='bbox 1811 3101 2034 3167; x_wconf 81' lang='lat' dir='ltr'><strong>confuse</strong></span> <span class='ocrx_word' id='word_1_376' title='bbox 2069 3102 2139 3154; x_wconf 85' lang='lat' dir='ltr'><strong>ab</strong></span> <span class='ocrx_word' id='word_1_377' title='bbox 2177 3101 2309 3154; x_wconf 79' lang='lat' dir='ltr'><strong>aliis</strong></span> <span class='ocrx_word' id='word_1_378' title='bbox 2343 3103 2445 3154; x_wconf 81' lang='lat' dir='ltr'><strong>aut</strong></span> <span class='ocrx_word' id='word_1_379' title='bbox 2479 3115 2762 3169; x_wconf 75' lang='lat' dir='ltr'><strong>respon-</strong></span> 
     </span>
     <span class='ocr_line' id='line_1_51' title="bbox 1632 3171 2759 3242; baseline 0.001 -17"><span class='ocrx_word' id='word_1_380' title='bbox 1632 3171 1964 3225; x_wconf 77' lang='lat' dir='ltr'><strong>debantur</strong></span> <span class='ocrx_word' id='word_1_381' title='bbox 2013 3176 2113 3225; x_wconf 77' lang='lat' dir='ltr'><strong>aut</strong></span> <span class='ocrx_word' id='word_1_382' title='bbox 2158 3171 2566 3242; x_wconf 65' lang='lat' dir='ltr'><strong>agebantur.</strong></span> <span class='ocrx_word' id='word_1_383' title='bbox 2590 3173 2759 3226; x_wconf 82' lang='lat' dir='ltr'><strong>..ad-</strong></span> 
     </span>
     <span class='ocr_line' id='line_1_52' title="bbox 1631 3242 2763 3297; baseline 0.001 -2"><span class='ocrx_word' id='word_1_384' title='bbox 1631 3242 1822 3296; x_wconf 78' lang='lat' dir='ltr'><strong>iunxit</strong></span> <span class='ocrx_word' id='word_1_385' title='bbox 1858 3243 2020 3296; x_wconf 79' lang='lat' dir='ltr'><strong>etiam</strong></span> <span class='ocrx_word' id='word_1_386' title='bbox 2059 3242 2365 3296; x_wconf 78' lang='lat' dir='ltr'><strong>litterarum</strong></span> <span class='ocrx_word' id='word_1_387' title='bbox 2391 3242 2679 3297; x_wconf 74' lang='lat' dir='ltr'><strong>scientiam</strong></span> <span class='ocrx_word' id='word_1_388' title='bbox 2712 3247 2763 3296; x_wconf 81' lang='lat' dir='ltr'><strong>et</strong></span> 
     </span>
    </p>
   </div>
   <div class='ocr_carea' id='block_1_5' title="bbox 1632 3312 2769 3382">
    <p class='ocr_par' dir='ltr' id='par_1_7' title="bbox 1632 3312 2769 3382">
     <span class='ocr_line' id='line_1_53' title="bbox 1632 3312 2769 3382; baseline 0 -17"><span class='ocrx_word' id='word_1_389' title='bbox 1632 3313 1887 3381; x_wconf 74' lang='lat' dir='ltr'><strong>loquendi</strong></span> <span class='ocrx_word' id='word_1_390' title='bbox 1923 3314 2261 3382; x_wconf 74' lang='lat' dir='ltr'><strong>eleqantiam.</strong></span> <span class='ocrx_word' id='word_1_391' title='bbox 2303 3343 2371 3353; x_wconf 92' lang='lat'><em>-</em></span> <span class='ocrx_word' id='word_1_392' title='bbox 2409 3312 2636 3367; x_wconf 73' lang='lat' dir='ltr'><strong>Servius</strong></span> <span class='ocrx_word' id='word_1_393' title='bbox 2670 3317 2769 3366; x_wconf 78' lang='lat' dir='ltr'><strong>tu-</strong></span> 
     </span>
    </p>
   </div>
   <div class='ocr_carea' id='block_1_6' title="bbox 1630 3382 2765 4017">
    <p class='ocr_par' dir='ltr' id='par_1_8' title="bbox 1630 3382 2765 4017">
     <span class='ocr_line' id='line_1_54' title="bbox 1630 3382 2764 3454; baseline 0.001 -17"><span class='ocrx_word' id='word_1_394' title='bbox 1630 3383 1721 3454; x_wconf 79' lang='lat' dir='ltr'><strong>us]</strong></span> <span class='ocrx_word' id='word_1_395' title='bbox 1752 3383 1852 3436; x_wconf 89' lang='lat' dir='ltr'><strong>der</strong></span> <span class='ocrx_word' id='word_1_396' title='bbox 1881 3383 2033 3436; x_wconf 88' lang='lat' dir='ltr'><strong>Sohn</strong></span> <span class='ocrx_word' id='word_1_397' title='bbox 2064 3383 2163 3436; x_wconf 84' lang='lat' dir='ltr'><strong>des</strong></span> <span class='ocrx_word' id='word_1_398' title='bbox 2182 3382 2482 3437; x_wconf 82' lang='lat' dir='ltr'><strong>Freundes.</strong></span> <span class='ocrx_word' id='word_1_399' title='bbox 2515 3413 2583 3423; x_wconf 90' lang='lat'><strong>--</strong></span> <span class='ocrx_word' id='word_1_400' title='bbox 2610 3383 2764 3452; x_wconf 76' lang='lat' dir='ltr'><strong>quod</strong></span> 
     </span>
     <span class='ocr_line' id='line_1_55' title="bbox 1630 3453 2763 3525; baseline 0 -18"><span class='ocrx_word' id='word_1_401' title='bbox 1630 3454 1796 3521; x_wconf 82' lang='lat' dir='ltr'><strong>facile</strong></span> <span class='ocrx_word' id='word_1_402' title='bbox 1832 3454 1984 3525; x_wconf 71' lang='lat' dir='ltr'><strong>app]</strong></span> <span class='ocrx_word' id='word_1_403' title='bbox 2019 3455 2148 3508; x_wconf 79' lang='lat' dir='ltr'><strong>‘wie</strong></span> <span class='ocrx_word' id='word_1_404' title='bbox 2177 3453 2352 3508; x_wconf 88' lang='lat' dir='ltr'><strong>leicht</strong></span> <span class='ocrx_word' id='word_1_405' title='bbox 2378 3470 2443 3507; x_wconf 83' lang='lat' dir='ltr'><strong>zu</strong></span> <span class='ocrx_word' id='word_1_406' title='bbox 2472 3454 2763 3508; x_wconf 84' lang='lat' dir='ltr'><strong>erkennen</strong></span> 
     </span>
     <span class='ocr_line' id='line_1_56' title="bbox 1630 3524 2762 3595; baseline 0 -17"><span class='ocrx_word' id='word_1_407' title='bbox 1630 3524 1724 3578; x_wconf 89' lang='lat' dir='ltr'><strong>ist’</strong></span> <span class='ocrx_word' id='word_1_408' title='bbox 1775 3524 1917 3578; x_wconf 71' lang='lat' dir='ltr'><strong>fiber</strong></span> <span class='ocrx_word' id='word_1_409' title='bbox 1962 3526 2073 3579; x_wconf 89' lang='lat' dir='ltr'><strong>den</strong></span> <span class='ocrx_word' id='word_1_410' title='bbox 2117 3524 2469 3595; x_wconf 80' lang='lat' dir='ltr'><strong>Konjunktiv</strong></span> <span class='ocrx_word' id='word_1_411' title='bbox 2514 3543 2555 3580; x_wconf 88' lang='lat' dir='ltr'><strong>s.</strong></span> <span class='ocrx_word' id='word_1_412' title='bbox 2595 3544 2640 3579; x_wconf 89' lang='lat' dir='ltr'><strong>z.</strong></span> <span class='ocrx_word' id='word_1_413' title='bbox 2684 3524 2762 3579; x_wconf 90' lang='lat' dir='ltr'><strong>II.</strong></span> 
     </span>
     <span class='ocr_line' id='line_1_57' title="bbox 1635 3594 2765 3667; baseline 0.003 -20"><span class='ocrx_word' id='word_1_414' title='bbox 1635 3600 1680 3648; x_wconf 91' lang='lat'><strong>1.</strong></span> <span class='ocrx_word' id='word_1_415' title='bbox 1724 3602 1772 3650; x_wconf 88' lang='grc'><strong>6.</strong></span> <span class='ocrx_word' id='word_1_416' title='bbox 1814 3626 1878 3636; x_wconf 92' lang='grc'><strong>-</strong></span> <span class='ocrx_word' id='word_1_417' title='bbox 1927 3597 1990 3650; x_wconf 76' lang='lat' dir='ltr'><strong>in</strong></span> <span class='ocrx_word' id='word_1_418' title='bbox 2035 3596 2119 3667; x_wconf 89' lang='lat' dir='ltr'><strong>eo]</strong></span> <span class='ocrx_word' id='word_1_419' title='bbox 2166 3595 2387 3650; x_wconf 85' lang='lat' dir='ltr'><strong>bezieht</strong></span> <span class='ocrx_word' id='word_1_420' title='bbox 2432 3594 2554 3650; x_wconf 89' lang='lat' dir='ltr'><strong>sich</strong></span> <span class='ocrx_word' id='word_1_421' title='bbox 2600 3595 2765 3650; x_wconf 87' lang='lat' dir='ltr'><strong>nicht</strong></span> 
     </span>
     <span class='ocr_line' id='line_1_58' title="bbox 1634 3665 2763 3736; baseline 0.001 -16"><span class='ocrx_word' id='word_1_422' title='bbox 1634 3665 1734 3720; x_wconf 84' lang='lat' dir='ltr'><strong>auf</strong></span> <span class='ocrx_word' id='word_1_423' title='bbox 1811 3667 1912 3721; x_wconf 90' lang='lat' dir='ltr'><strong>das</strong></span> <span class='ocrx_word' id='word_1_424' title='bbox 1982 3666 2440 3736; x_wconf 80' lang='lat' dir='ltr'><strong>vorhergehende</strong></span> <span class='ocrx_word' id='word_1_425' title='bbox 2513 3668 2578 3721; x_wconf 74' lang='lat' dir='ltr'><strong>in</strong></span> <span class='ocrx_word' id='word_1_426' title='bbox 2651 3683 2763 3735; x_wconf 75' lang='lat' dir='ltr'><strong>quo</strong></span> 
     </span>
     <span class='ocr_line' id='line_1_59' title="bbox 1634 3735 2763 3806; baseline 0.003 -17"><span class='ocrx_word' id='word_1_427' title='bbox 1634 3738 1724 3805; x_wconf 60' lang='grc' dir='ltr'><strong>(ει</strong></span> <span class='ocrx_word' id='word_1_428' title='bbox 1744 3735 1940 3804; x_wconf 86' lang='lat' dir='ltr'><strong>wobei,</strong></span> <span class='ocrx_word' id='word_1_429' title='bbox 1972 3738 2121 3805; x_wconf 89' lang='lat' dir='ltr'><strong>quod</strong></span> <span class='ocrx_word' id='word_1_430' title='bbox 2150 3753 2277 3791; x_wconf 90' lang='lat' dir='ltr'><strong>cum</strong></span> <span class='ocrx_word' id='word_1_431' title='bbox 2305 3737 2483 3806; x_wconf 84' lang='lat' dir='ltr'><strong>facit),</strong></span> <span class='ocrx_word' id='word_1_432' title='bbox 2514 3738 2763 3792; x_wconf 86' lang='lat' dir='ltr'><strong>sondern</strong></span> 
     </span>
     <span class='ocr_line' id='line_1_60' title="bbox 1632 3806 2764 3864; baseline 0 -2"><span class='ocrx_word' id='word_1_433' title='bbox 1632 3807 2070 3863; x_wconf 70' lang='lat' dir='ltr'><strong>nachdrticklich</strong></span> <span class='ocrx_word' id='word_1_434' title='bbox 2135 3807 2234 3862; x_wconf 83' lang='lat' dir='ltr'><strong>auf</strong></span> <span class='ocrx_word' id='word_1_435' title='bbox 2284 3808 2392 3862; x_wconf 91' lang='lat' dir='ltr'><strong>den</strong></span> <span class='ocrx_word' id='word_1_436' title='bbox 2448 3806 2580 3862; x_wconf 84' lang='lat' dir='ltr'><strong>Satz</strong></span> <span class='ocrx_word' id='word_1_437' title='bbox 2635 3824 2764 3864; x_wconf 73' lang='lat' dir='ltr'><strong>cum</strong></span> 
     </span>
     <span class='ocr_line' id='line_1_61' title="bbox 1632 3877 2765 4017; baseline 0.002 -85"><span class='ocrx_word' id='word_1_438' title='bbox 1632 3895 1714 3933; x_wconf 87' lang='lat' dir='ltr'><strong>me</strong></span> <span class='ocrx_word' id='word_1_439' title='bbox 1749 3878 2188 4017; x_wconf 50' lang='lat' dir='ltr'><strong>cola2)(‘indem,</strong></span> <span class='ocrx_word' id='word_1_440' title='bbox 2228 3878 2496 3948; x_wconf 86' lang='lat' dir='ltr'><strong>dadurch,</strong></span> <span class='ocrx_word' id='word_1_441' title='bbox 2533 3877 2658 3933; x_wconf 81' lang='lat' dir='ltr'><strong>dass</strong></span> <span class='ocrx_word' id='word_1_442' title='bbox 2698 3895 2765 3934; x_wconf 89' lang='lat' dir='ltr'><strong>er</strong></span> 
     </span>
     <span class='ocr_line' id='line_1_62' title="bbox 1634 3968 1874 4006; baseline 0.013 -3"><span class='ocrx_word' id='word_1_443' title='bbox 1634 3968 1688 4003; x_wconf 89' lang='lat' dir='ltr'><strong>u.</strong></span> <span class='ocrx_word' id='word_1_444' title='bbox 1727 3968 1769 4005; x_wconf 90' lang='lat' dir='ltr'><strong>s.</strong></span> <span class='ocrx_word' id='word_1_445' title='bbox 1807 3968 1874 4006; x_wconf 83' lang='lat' dir='ltr'><strong>w.</strong></span> 
     </span>
    </p>
   </div>
  </div>
 </body>
</html>
