3000 4917
1114 289 1176 342 L.
1212 287 1548 343 PAPIRIUS
1583 287 1882 344 PAETUS.

2524 288 2651 352 149

317 450 653 534 integram
690 449 927 514 famem
967 450 1047 514 ad
1086 472 1281 515 ovum
1328 451 1570 535 adfero,
1614 452 1833 536 itaque
1876 473 2080 537 usque
2127 451 2207 517 ad
2247 474 2463 517 assum
2500 452 2666 516 vitu·

315 539 529 604 linum
578 560 774 622 opera
819 538 1206 623 perducitur.
1279 540 1400 605 Illa
1436 563 1600 619 mea,
1647 562 1810 626 quae
1848 540 2104 606 solebas
2145 545 2340 605 antea
2375 541 2664 605 laudare:

314 626 401 692 ‘O
438 627 770 692 hominem
804 628 1089 692 facilem!
1140 651 1178 694 o
1216 628 1546 713 hospitem
1580 651 1712 694 non
1759 650 2021 715 gravem
2035 627 2075 693 1⁹
2123 630 2449 695 abierunt:
2494 652 2664 695 nunc

316 738 582 781 omnem
628 720 921 781 nostram
967 717 1045 781 de
1089 738 1159 782 re
1199 717 1459 800 publica
1497 740 1734 800 curam,
1780 719 2244 803 cogitationem
2282 718 2359 782 de
2398 719 2666 783 dicenda

313 806 391 868 in
438 809 664 869 senatu
711 805 1060 884 sententia,
1118 807 1728 871 commentationem
1776 828 2115 871 causarum
2162 807 2542 891 abiecimus,
2595 809 2664 871 in

311 892 589 978 Epicuri
633 915 754 958 nos
802 894 1153 959 adversarii
1196 896 1407 959 nostri
1453 901 1667 961 castra
1709 896 2128 979 coniecimus3
2173 917 2292 960 nec
2328 900 2545 960 tamen
2584 896 2663 959 ad

311 983 492 1047 hanc
536 982 981 1068 insolentiam,
1027 984 1139 1048 sed
1184 984 1265 1047 ad
1310 984 1490 1048 illam
1535 988 1717 1049 tuam
1763 984 2116 1068 lautitiam,
2170 987 2455 1049 veterem
2502 984 2665 1062 dioc,

314 1093 470 1136 cum
511 1072 580 1135 in
626 1075 957 1155 sumptum
1000 1072 1317 1157 habebas;
1374 1074 1494 1137 etsi
1539 1095 1871 1158 nunquam
1916 1073 2105 1158 plura
2159 1073 2419 1157 praedia
2461 1072 2663 1137 habu·

313 1161 450 1225 isti.
523 1159 802 1225 Proinde
839 1164 904 1225 te
941 1182 1133 1244 para:
1181 1183 1325 1225 cum
1366 1162 1628 1226 homine
1667 1168 1732 1226 et
1769 1163 1948 1227 edaci
1990 1163 2117 1227 tibi
2161 1184 2264 1226 res
2313 1165 2411 1226 est
2457 1166 2523 1226 et
2559 1162 2733 1246 qui2

313 1248 458 1312 iam
511 1249 752 1334 aliquid
807 1249 1171 1334 intellegat3
1240 1245 1600 1334 ὀψιμαθεῖς
1664 1255 1880 1316 autem
1932 1251 2234 1316 homines
2291 1251 2416 1316 scis
2473 1273 2668 1335 quam

312 1338 678 1402 insolentes
727 1337 874 1402 sint.
947 1336 1391 1404 Dediscendae
1437 1340 1561 1404 tibi
1609 1344 1764 1405 sunt
1810 1341 2160 1425 sportellae
2198 1343 2264 1404 et
2301 1340 2670 1426 artolagani

313 1427 439 1491 tui.
537 1424 673 1491 Nos
735 1426 867 1491 iam
933 1427 1091 1492 artis
1150 1431 1409 1492 tantum
1467 1428 1809 1512 habemus,
1869 1433 1942 1493 ut
1996 1429 2302 1493 Verrium
2354 1431 2540 1493 tuum
2607 1433 2673 1493 et

317 1514 675 1581 Camillum
718 1553 794 1561 —
838 1538 964 1599 qua
1010 1516 1330 1581 munditia
1373 1516 1698 1583 homines!
1749 1540 1876 1602 qua
1923 1517 2276 1603 elegantia!
2319 1554 2395 1563 —-
2439 1539 2671 1584 vocare

317 1605 580 1688 saepius
647 1605 1014 1669 audeamus.
1107 1601 1233 1668 Sed
1289 1605 1433 1669 vide
1491 1605 1856 1671 audaciam:
1921 1607 2119 1670 etiam
2171 1603 2390 1671 Hirtio
2447 1627 2671 1671 cenam

317 1693 488 1777 dedi,
535 1694 669 1757 sine
716 1714 969 1777 pavone
1013 1697 1262 1778 tamen3
1309 1695 1377 1758 in
1424 1716 1500 1758 ea
1547 1716 1706 1759 cena
1752 1716 1993 1780 coquus
2038 1716 2221 1758 meus
2270 1697 2527 1778 praeter
2570 1696 2670 1759 ius

316 1781 583 1846 fervens
628 1782 794 1846 nihil
839 1804 972 1847 non
1018 1782 1237 1865 potuit
1281 1780 1545 1848 imitari.

501 1869 679 1935 Haec
733 1871 936 1957 igitur
992 1875 1091 1935 est
1143 1892 1316 1935 nunc
1360 1871 1498 1936 vita
1542 1875 1792 1936 nostra:
1850 1893 2040 1936 mane
2087 1872 2442 1936 salutamus
2489 1871 2728 1945 domi3

316 1962 393 2024 et
434 1960 642 2025 bonos
689 1960 865 2025 viros
914 1960 1153 2024 multos
1205 1960 1316 2023 sed
1362 1961 1614 2045 tristeS,
1671 1965 1737 2025 et
1779 1961 1901 2025 hos
1948 1962 2153 2025 laetos
2199 1960 2507 2043 victoreS,
2555 1961 2666 2045 qui

314 2070 427 2112 me
475 2047 732 2132 quidem
777 2048 1179 2131 perofficiose
1227 2052 1293 2112 et
1337 2054 1747 2132 peramanter
1787 2051 2164 2135 observant3
2208 2049 2321 2113 ubi
2364 2050 2669 2114 salutatio

316 2137 604 2220 defluxit,
642 2137 879 2202 litteris
919 2159 1021 2202 me
1060 2138 1342 2222 involv0‚
1381 2141 1495 2202 aut
1523 2138 1745 2204 vscribo
1786 2143 1900 2203 aut
1935 2139 2115 2224 leg03
2152 2139 2419 2202 veniunt
2456 2139 2670 2221 etiam,

315 2226 438 2310 qui
483 2247 585 2290 me
622 2226 890 2290 audiant
927 2227 1112 2310 quasi
1152 2226 1414 2292 doctum
1451 2227 1800 2311 hominem,
1846 2228 1997 2312 quia
2033 2227 2228 2311 paulo
2281 2249 2425 2291 sum
2475 2249 2671 2311 quam

316 2315 455 2398 ipsi
501 2314 776 2399 doctior3
822 2314 972 2379 inde
1019 2317 1275 2399 corpori
1322 2337 1513 2380 omne
1558 2320 1814 2400 tempus
1865 2317 2073 2381 datur.
2164 2315 2451 2380 Patriam
2498 2315 2670 2380 eluxi

313 2541 579 2613 mulside]
631 2561 673 2597 s.
728 2562 771 2595 z.
818 2541 912 2596 ΙΙΙ.
962 2548 1009 2596 5.
1060 2547 1109 2596 8.
1163 2574 1226 2582 —
1264 2558 1450 2597 assum

314 2613 647 2684 vitulinum]
687 2613 801 2667 Der
827 2613 1207 2668 Kalbsbraten
1235 2614 1447 2668 bildete

315 2686 432 2740 den
471 2683 692 2738 Schluss
731 2684 830 2739 der
867 2684 1251 2753 eigentlichen
1288 2700 1441 2739 cena.

315 2787 394 2795 --
423 2756 544 2810 Illa
570 2756 715 2827 mea]
747 2756 877 2826 jene
906 2754 1090 2810 meine
1116 2754 1444 2823 Ansichten,

316 2825 786 2882 Gewohnheiten.
854 2826 919 2892 Q.
957 2827 1023 2881 fr.
1063 2827 1103 2881 Ι.
1143 2833 1192 2882 2.
1232 2833 1292 2882 8:
1330 2843 1447 2881 sue-

320 2913 585 2953 cessorem
629 2898 790 2953 habes
824 2898 1226 2967 perblandum3
1274 2903 1449 2952 cetera

319 2969 488 3023 valde
515 2969 670 3023 illius
697 2971 936 3024 adventu
963 2974 1083 3024 tua
1099 2970 1449 3037 requirentur

318 3064 395 3086 -—-=
448 3038 633 3094 ‘deine
681 3039 919 3110 fibrigen
962 3037 1447 3108 Eigenschaften’.

316 3141 395 3152 —-
432 3111 498 3163 iu
533 3110 777 3180 Epicuri
812 3112 1018 3181 castra]
1048 3109 1244 3166 Horat.
1276 3126 1322 3164 c.
1350 3109 1446 3165 III.

319 3187 411 3236 16.
460 3186 557 3235 23:
613 3183 698 3236 nil
742 3184 1081 3251 cupientium
1115 3184 1304 3236 nudus
1340 3198 1449 3236 ca-

313 3257 469 3309 stra
492 3258 657 3320 pet0.
695 3283 762 3293 —
806 3254 882 3307 ad
908 3254 1050 3307 hanc
1076 3252 1447 3323 insolentiam]

317 3323 414 3378 bis
472 3341 540 3376 zu
596 3324 696 3381 der
748 3323 1042 3394 heutigen,
1095 3324 1242 3393 jetzt
1295 3325 1447 3378 herr-

317 3394 611 3449 schenden
651 3393 1168 3463 Verschwendung;
1208 3411 1275 3448 zu
1302 3396 1449 3449 hauc

318 3483 369 3521 s.
409 3484 453 3520 z.
491 3463 531 3520 Ι.
574 3470 657 3519 18.
700 3471 794 3519 11:
834 3467 895 3519 hi
929 3481 1114 3520 mores.
1189 3467 1438 3520 Insolen-

314 3537 409 3592 tia
437 3561 504 3582 =
535 3534 1048 3606 Verschwendung,
1077 3535 1184 3590 wie
1211 3538 1448 3592 insolens

315 3624 428 3678 pro
456 3606 618 3662 Rosc.
645 3609 769 3661 Am.
802 3606 945 3662 VIII.
977 3613 1073 3661 23:
1125 3610 1222 3677 qui
1248 3610 1312 3662 iu
1343 3624 1448 3662 sua

315 3695 383 3734 re
416 3678 612 3745 fuisset
648 3680 1043 3750 eyeutissimus,
1080 3684 1200 3734 erat
1214 3719 1229 3746 ‚
1266 3685 1329 3733 ut
1364 3680 1447 3746 fit,

315 3751 563 3805 insolens
597 3751 662 3804 iu
699 3752 884 3805 aliena
893 3772 915 3818 ,·
956 3751 1068 3819 vgl.
1098 3750 1243 3803 Phil.
1272 3748 1364 3803 IX.
1396 3756 1445 3804 6.

321 3827 419 3875 12:
440 3822 712 3876 maiorum
729 3821 1070 3876 coutinentia
1087 3862 1099 3874 .
1114 3861 1127 3874 .
1147 3822 1314 3875 huius
1329 3837 1445 3874 sae-

316 3893 437 3947 culi
463 3893 774 3947 insolentia.
805 3923 874 3932 —
903 3891 1285 3963 insumptum]
1303 3889 1448 3944 Geld

320 3981 455 4017 zum
492 3961 819 4018 Aufwande.
866 3993 934 4003 —
965 3964 1142 4032 plura
1175 3963 1446 4032 habuisti]

319 4035 407 4088 als
460 4033 633 4102 jetzt,
699 4034 829 4088 weil
894 4051 956 4088 er
1009 4032 1100 4087 die
1159 4033 1335 4087 Gfiter
1388 4033 1449 4087 in

320 4104 582 4228 ZIahlung
635 4105 877 4160 nehmen
926 4103 1157 4171 muiste3
1212 4102 1327 4173 vgl.
1382 4120 1449 4157 zu

396 4253 447 4304 2.
481 4242 823 4318 ὀψιμαθεῖς]
853 4245 1044 4301 Cicero
1072 4261 1191 4299 war
1218 4245 1310 4301 ein
1339 4246 1448 4299 sol-

323 4319 458 4374 cher
491 4318 556 4373 in
593 4318 693 4372 der
727 4317 1015 4373 Efskunst.
1053 4348 1121 4358 —
1158 4318 1450 4372 insolentes

322 4390 462 4461 sint]
516 4388 599 4443 sie
647 4388 843 4456 zeigen
888 4406 1027 4458 gern
1071 4388 1194 4443 ihre
1240 4387 1449 4443 Kennt-

323 4461 489 4516 nisse.
518 4489 587 4501 —
618 4459 995 4515 Dediseendae
1029 4460 1151 4531 eta]
1190 4458 1296 4515 Die
1330 4458 1448 4514 ein-

1557 2543 1759 2596 fachen
1809 2541 2172 2609 Mahlzeiten,
2228 2540 2405 2596 meint
2462 2540 2672 2610 CicerO,

1556 2617 1743 2666 miisse
1764 2612 1935 2666 Fatus
1963 2611 2084 2667 sich
2105 2613 2250 2682 jetzt
2268 2611 2670 2682 abgewohnen.

1554 2714 1626 2723 —
1663 2684 1942 2754 Verrium]
1964 2685 2038 2737 Er
2062 2684 2201 2738 wird
2221 2684 2376 2737 Fam.
2399 2681 2491 2739 IX.
2522 2688 2607 2737 26.
2641 2690 2669 2737 1

1552 2755 1856 2822 familiaris
1909 2758 2008 2809 des
2063 2754 2234 2810 Patus
2289 2755 2554 2823 genannt.
2603 2785 2670 2793 —

1559 2825 1873 2896 Camillum]
1893 2824 2040 2879 auch
2054 2825 2092 2882 I.
2108 2831 2156 2880 5.
2171 2831 2202 2879 2
2214 2826 2482 2896 genannt.
2501 2824 2673 2880 Beide

1554 2896 1790 2950 Manner
1833 2898 2059 2966 hatten,
2106 2898 2211 2952 wie
2259 2912 2459 2951 ansere
2497 2894 2672 2951 Stelle

1556 2965 1729 3037 zeigt,
1789 2968 1913 3022 eine
1968 2969 2117 3024 feine
2172 2970 2376 3038 Zunge.
2434 3000 2502 3008 —
2556 2968 2675 3022 sine

1546 3038 1789 3110 pavone]
1836 3038 2048 3094 Pfauen
2099 3039 2322 3094 durften
2372 3040 2475 3095 auf
2517 3037 2673 3093 reich

1558 3112 1841 3165 besetzten
1885 3109 2085 3165 Tafeln
2129 3111 2289 3166 nicht
2330 3111 2544 3176 fehlen3
2592 3109 2673 3164 sie

1555 3182 1782 3236 wurden
1846 3181 1906 3235 in
1969 3181 2196 3251 grossen
2250 3182 2512 3237 Aviarien
2574 3198 2672 3250 ge-

1556 3253 1797 3307 zflchtet.
1861 3252 2014 3307 Fam.
2054 3253 2148 3306 IX.
2191 3258 2255 3307 18
2293 3253 2541 3307 schreibt
2576 3252 2673 3304 da-

1554 3323 1657 3377 her
1684 3322 1878 3379 Cicero
1919 3339 1990 3377 an
2018 3323 2189 3378 Fatus
2226 3323 2332 3377 mit
2359 3324 2547 3391 Bezug
2573 3320 2679 3376 auf

1556 3394 1646 3448 die
1686 3394 2042 3449 Gastmahler
2077 3395 2174 3448 des
2212 3392 2451 3447 Hirtius:
2487 3394 2673 3461 plures

1554 3467 1671 3519 iam
1714 3482 1955 3535 pavones
1999 3465 2205 3532 confeci
2239 3481 2402 3534 quam
2447 3469 2511 3517 tu
2536 3465 2644 3533 pul

1555 3537 1634 3591 los
1662 3538 2008 3592 columbinos.
2051 3567 2115 3575 -
2154 3538 2246 3591 ius
2278 3534 2513 3606 fervens]
2550 3535 2674 3588 Nur

1555 3606 1647 3661 die
1674 3609 1840 3674 heifse
1868 3607 2054 3677 Suppe
2078 3607 2242 3661 hatte
2272 3605 2492 3661 Ciceros
2514 3606 2673 3659 Koch

1555 3679 1656 3732 der
1673 3679 2082 3733 Hirtius'schen
2102 3677 2294 3732 Kfiche
2312 3679 2473 3732 nicht
2499 3678 2673 3732 nach-

1557 3749 1761 3804 ahmen
1813 3750 2053 3804 konnen.
2140 3749 2295 3804 Fam.
2345 3747 2439 3804 IX.
2486 3755 2569 3803 18.
2610 3754 2667 3801 3:

1554 3837 1648 3890 eqo
1683 3838 1765 3875 me
1800 3821 2071 3876 Hirtiano
2106 3820 2249 3889 (iure
2286 3819 2545 3888 delecto).

1627 3897 1677 3944 3.
1715 3893 2041 3964 salutamus]
2093 3893 2185 3946 ich
2237 3906 2324 3945 em
2367 3892 2532 3958 sange
2570 3889 2672 3944 Be-

1555 3962 1742 4018 suche.
1792 3993 1860 4003 —
1907 3965 2072 4019 bonos
2107 3962 2279 4034 viros]
2327 3910 2671 4031 gptimatm

1554 4030 1860 4087 Patrioten.
1897 4064 1964 4074 —
1999 4033 2362 4105 perofficiose]
2391 4050 2433 4086 s,
2473 4052 2521 4086 z.
2548 4031 2589 4085 Ι.
2622 4037 2669 4087 1.

1557 4109 1607 4159 6.
1646 4133 1714 4143 -
1751 4104 2038 4175 salutatio]
2076 4106 2178 4158 das
2214 4103 2527 4158 kollektive
2556 4105 2670 4157 Ab-

1557 4175 1828 4229 stractum
1870 4176 1960 4229 fiir
2009 4181 2108 4229 das
2146 4174 2503 4240 Concretum3
2552 4173 2669 4243 vgl.

1555 4248 1731 4300 unten
1784 4246 1874 4301 Br.
1932 4250 2011 4300 10.
2060 4253 2119 4299 2:
2165 4248 2546 4317 pereyrinitas.
2602 4276 2671 4284 -

1556 4317 1755 4371 litteris
1789 4333 1871 4371 me
1904 4317 2144 4388 involvo]
2186 4317 2301 4371 ‘ich
2329 4317 2669 4386 vergrabe

1556 4386 1708 4442 mich
1757 4387 1817 4441 in
1863 4387 2048 4442 meine
2082 4387 2343 4444 Bucher?
2418 4388 2561 4455 Nag.
2602 4416 2670 4426 -

1557 4461 1774 4529 corpori
1821 4490 1890 4500 —
1936 4460 2130 4530 datur]
2183 4459 2338 4512 Dazu
2396 4457 2669 4528 gehorten
