3000 4917
1096 199 1176 255 M.
1215 198 1520 254 PORCIUS
1559 199 1768 254 CATO.
2479 200 2604 264 127

261 365 549 449 quinque
605 362 901 447 cohortes
960 363 1097 426 sine
1151 362 1396 447 legato,
1452 361 1593 426 sine
1646 361 1910 426 tribuno
1970 362 2276 443 militum,
2333 363 2605 448 denique

261 453 462 518 etiam
529 453 666 516 sine
731 452 1103 516 centurione
1174 451 1310 514 ullo
1386 450 1557 533 apud
1619 449 2074 515 Philomelium
2146 452 2609 537 consedissem,

260 541 550 625 reliquus
599 540 917 604 exercitus
965 542 1137 604 esset
1180 539 1247 602 in
1292 537 1653 622 Lycaonia,
1707 537 1793 603 M.
1845 538 2095 603 Anneio
2145 540 2364 623 legato
2410 541 2608 625 impe-

259 630 431 713 ravi,
486 632 560 694 ut
615 650 723 692 eas
779 629 1060 713 quinque
1116 626 1413 692 cohortes
1462 627 1543 691 ad
1588 627 1906 711 reliquum
1953 629 2306 692 exercitum
2352 628 2610 694 duceret

260 722 616 801 coactoque
668 717 738 781 in
791 739 994 782 unum
1048 717 1265 781 locum
1319 716 1601 779 exercitu
1658 718 1873 780 castra
1926 715 1993 779 in
2048 715 2378 800 Lycaonia
2437 720 2604 802 apud

262 807 555 872 Iconium
618 805 875 870 faceret.
975 804 1161 881 Quod
1226 825 1369 868 cum
1435 804 1517 868 ab
1570 803 1687 868 illo
1746 803 2090 886 diligenter
2145 810 2318 869 esset
2372 810 2606 890 actum,
2626 808 2668 872 3

264 914 387 979 ego
436 896 506 958 in
552 899 767 959 castra
804 915 862 960 a.
899 893 958 958 d.
991 911 1108 958 VII.
1145 892 1222 956 K.
1260 890 1433 976 Sept.
1471 892 1638 975 veni,
1686 914 1831 956 cum
1878 893 2127 957 interea
2169 892 2606 978 superioribus

263 984 493 1055 diebus
550 1004 627 1046 ex
682 986 946 1046 senatus
1002 981 1297 1047 consulto
1357 985 1423 1044 et
1473 986 1883 1045 evocatorum
1929 981 2183 1045 firmam
2229 1004 2496 1047 manum
2545 987 2610 1047 et

263 1072 627 1156 equitatum
684 1091 838 1134 sane
893 1070 1200 1134 idoneum
1256 1072 1322 1133 et
1384 1069 1770 1153 populorum
1836 1069 2188 1135 liberorum
2253 1093 2608 1157 regumque

264 1160 590 1225 sociorum
637 1158 878 1224 auxilia
924 1157 1294 1222 voluntaria
1338 1157 1900 1242 comparavissem.

447 1247 720 1311 Interim
795 1269 939 1311 cum
1012 1246 1298 1311 exercitu
1367 1247 1644 1311 lustrato
1716 1246 1842 1310 iter
1902 1246 1970 1310 in
2036 1245 2333 1312 Ciliciam
2394 1248 2609 1313 facere

263 1336 621 1420 coepissem
677 1335 757 1399 K.
813 1333 1014 1419 Sept,
1079 1334 1281 1419 legati
1335 1357 1375 1398 a
1428 1355 1580 1419 rege
1635 1333 2072 1420 Commageno
2129 1336 2211 1400 ad
2267 1359 2368 1400 me
2426 1338 2609 1402 missi

264 1425 811 1510 pertumultuose,
880 1445 1088 1507 neque
1147 1427 1368 1486 tamen
1436 1445 1570 1486 non
1633 1444 1808 1507 vere,
1880 1423 2158 1488 Parthos
2221 1424 2286 1488 in
2355 1423 2609 1510 Syriam

261 1513 575 1579 transisse
622 1512 1111 1576 nuntiaverunt:
1158 1532 1286 1595 quo
1334 1511 1555 1575 audito
1600 1511 2013 1576 vehementer
2058 1534 2201 1576 sum
2249 1519 2610 1580 commotus
2630 1516 2675 1580 4

265 1624 410 1667 cum
459 1601 535 1665 de
575 1598 780 1686 Syria,
824 1604 965 1664 tum
1012 1600 1090 1662 de
1136 1621 1281 1664 mea
1317 1600 1676 1684 provincia,
1719 1600 1797 1664 de
1835 1601 2083 1684 reliqua
2121 1602 2393 1685 denique
2433 1603 2611 1668 Asia.

260 1691 491 1775 Itaque
556 1689 907 1754 exercitum
972 1687 1136 1752 mihi
1192 1688 1550 1752 ducendum
1604 1710 1721 1772 per
1776 1687 2224 1773 Cappadociae
2279 1691 2612 1774 regionem

264 1800 426 1860 eam,
475 1799 638 1861 quae
684 1775 980 1842 Ciliciam
1028 1776 1401 1861 attingeret,
1445 1777 1701 1860 putavi3
1747 1799 1898 1841 nam
1947 1778 2005 1842 si
2051 1799 2152 1841 me
2199 1779 2267 1841 in
2315 1777 2612 1844 Ciliciam

264 1866 697 1950 demisissem,
772 1864 1069 1931 Ciliciam
1142 1864 1401 1949 quidem
1463 1865 1673 1949 ipsam
1738 1869 2002 1950 propter
2065 1867 2307 1932 montis
2370 1866 2612 1932 Amani

262 1959 566 2020 naturam
612 1953 803 2019 facile
849 1953 1202 2018 tenuissem
1230 1989 1320 2000 -
1348 1954 1473 2018 duo
1524 1958 1677 2018 sunt
1723 1955 1895 2018 enim
1942 1954 2157 2019 aditus
2203 1956 2274 2019 in
2318 1954 2612 2022 Ciliciam

262 2066 341 2108 ex
388 2042 603 2127 Syria,
660 2065 933 2127 quorum
980 2047 1250 2125 uterque
1295 2042 1514 2126 parvis
1560 2043 1896 2126 praesidiis
1948 2050 2219 2127 propter
2275 2046 2611 2129 angustias
2656 2063 2658 2066 ’

258 2132 608 2197 intercludi
672 2135 917 2216 potest,
985 2152 1105 2195 1100
1181 2135 1281 2194 est
1351 2130 1695 2215 quicquam
1771 2131 1999 2197 Cilicia
2062 2139 2288 2197 contra
2354 2133 2613 2218 Syriam

261 2221 581 2286 munitius
632 2257 735 2303 —,
781 2219 892 2283 sed
937 2242 1041 2283 me
1089 2216 1499 2302 Cappadocia
1545 2221 1867 2301 movebat,
1912 2241 2075 2303 quae
2120 2225 2302 2305 patet
2346 2244 2385 2286 a
2422 2221 2615 2307 Syria

262 2330 579 2393 regesque
635 2308 836 2372 habet
888 2306 1227 2387 finitimos,
1283 2308 1396 2392 qui
1451 2308 1708 2371 etiamsi
1755 2312 1906 2372 sunt
1950 2310 2120 2373 clam
2167 2311 2357 2374 amici
2403 2311 2614 2389 nobis,

262 2405 487 2462 tamen
536 2400 758 2480 aperte
794 2395 1056 2460 Parthis
1101 2396 1350 2460 inimici
1398 2416 1538 2460 esse
1576 2417 1710 2460 non
1747 2395 2003 2461 audent.
2076 2396 2303 2481 Itaque
2340 2398 2411 2461 in
2449 2396 2625 2481 Cap·.

266 2485 542 2570 padocia
602 2490 890 2549 extrema
942 2505 1074 2548 non
1130 2484 1322 2569 longe
1378 2506 1417 2547 a
1461 2483 1680 2548 Tauro
1736 2485 1904 2567 apud
1952 2484 2260 2567 oppidum
2308 2484 2615 2569 Cybistra

339 2683 389 2732 3.
428 2677 789 2747 evocatorum]
830 2676 883 2731 S.
924 2693 967 2729 z.
1007 2675 1074 2730 ΙΙ.
1114 2679 1198 2730 26.
1240 2680 1288 2731 5.
1319 2706 1387 2714 —
1497 2675 1736 2745 gesti-ast
1771 2693 1838 2729 zu
1866 2675 2269 2743 beunruhigen.
2325 2674 2398 2731 So
2428 2692 2616 2730 waren

262 2765 453 2820 regum
472 2778 539 2788 --
559 2748 877 2803 voluntaria
952 2747 1149 2801 andere
1184 2745 1245 2799 in
1283 2744 1388 2799 sei·
1497 2746 1587 2800 die
1615 2747 1852 2801 Parther
1886 2747 1993 2801 seit
2020 2747 2119 2801 der
2146 2747 2487 2816 Niederlage
2517 2747 2614 2801 des

264 2835 398 2874 110111
445 2818 703 2873 Berichte
750 2835 825 2872 an
908 2833 977 2871 en
1022 2817 1195 2871 Senat
1230 2815 1387 2886 (Sep-
1498 2817 1724 2872 Crassus
1769 2821 1836 2871 53
1873 2816 2092 2871 kfihner
2127 2818 2453 2887 geworden‚
2502 2819 2617 2872 und

262 2888 487 2944 tember
502 2892 591 2958 51)
605 2887 759 2942 Fam.
771 2888 891 2945 XV.
913 2893 959 2940 1.
978 2886 1389 2956 6,inwelchem
1498 2889 1674 2942 3011011
1711 2887 1813 2942 auf
1842 2888 1942 2941 der
1966 2888 2133 2943 Reise
2170 2887 2389 2955 schrieb
2420 2889 2617 2943 Cicero

265 2978 332 3015 er
357 2977 453 3013 um
481 2959 869 3026 Verstarkung
895 2959 1024 3013 bat:
1052 2958 1195 3028 rcyis
1223 2958 1390 3013 Deio·
1498 2976 1572 3012 an
1617 2958 1841 3012 Atticus
1879 2958 1966 3027 (V.
2006 2960 2104 3029 9.):
2165 2959 2410 3015 Parthus
2458 2961 2617 3015 velim

264 3032 385 3086 tari
431 3036 481 3086 ct
514 3031 845 3086 voluntatem
880 3035 930 3084 et
965 3029 1150 3098 copias
1190 3071 1202 3084 .
1243 3071 1255 3083 .
1292 3045 1390 3084 uo·
1497 3031 1752 3099 quiescat.
1816 3029 1938 3083 Den
1964 3028 2178 3085 Einfall
2215 3030 2509 3085 derselben
2536 3030 2617 3085 im

262 3106 413 3157 siras
456 3117 565 3156 0330
607 3102 746 3156 duco
787 3143 798 3155 .
838 3141 851 3154 .
890 3139 903 3152 .
924 3140 945 3167 ,
993 3100 1194 3169 reliqui
1240 3115 1389 3170 reyes
1494 3102 1545 3154 J.
1586 3107 1652 3155 51
1691 3100 1880 3155 ffihrte
1927 3101 2027 3156 der
2064 3101 2215 3156 Sohn
2266 3102 2364 3155 des
2402 3103 2616 3173 parthi-

266 3173 606 3244 tyrawnique
640 3187 809 3241 neque
845 3171 1040 3239 opibus
1075 3171 1211 3225 satis
1240 3171 1390 3238 sirmi
1497 3171 1670 3225 3011011
1705 3169 1850 3226 Κ611“
1896 3190 1945 3239 3,
1983 3171 2240 3226 Pacorus.

264 3259 367 3298 nec
400 3243 679 3297 voluntate
713 3247 858 3296 suut.
900 3271 968 3280 —
1006 3241 1196 3312 lcyati]
1233 3239 1389 3296 Fam.
1569 3249 1620 3297 4.
1657 3188 2049 3313 Amanliff‘Att.
2086 3242 2153 3297 V.
2193 3248 2279 3298 20.
2318 3248 2380 3296 31
2420 3241 2615 3312 (Ama-

264 3313 394 3370 XV.
443 3319 492 3368 3.
541 3319 570 3367 1
620 3315 715 3382 (an
761 3311 950 3381 Cato):
1008 3329 1131 3366 cum
1183 3313 1258 3366 ad
1310 3328 1392 3366 me
1496 3315 1626 3383 uus)
1642 3313 1864 3384 Syriam
1884 3332 1921 3368 a
1941 3313 2141 3369 Cilicia
2158 3315 2222 3367 in
2242 3330 2513 3383 aquarum
2532 3314 2617 3368 di-

267 3385 439 3454 leyati
465 3385 617 3438 missi
643 3385 712 3438 ab
735 3384 1008 3438 Antiocho
1041 3381 1392 3452 Commaycraeo
1497 3385 1674 3439 vortio
1720 3382 2199 3452 (wasserscheide
2245 3383 2520 3438 zwischen
2560 3383 2615 3438 S.

266 3457 540 3511 venissent
565 3456 629 3509 iu
656 3461 840 3509 castra
868 3455 943 3509 ad
972 3453 1229 3508 Iconium
1257 3471 1308 3509 a.
1338 3455 1392 3507 d.
1499 3454 1615 3509 und
1654 3454 1735 3524 C.)
1763 3456 1985 3511 dividit.
2059 3454 2250 3509 Cicero
2287 3453 2479 3522 meint,
2517 3454 2617 3508 das

269 3526 409 3581 III.
472 3526 620 3580 Non.
688 3524 979 3593 Septembr.
1045 3523 1153 3593 (bis
1217 3522 1390 3578 dahin
1496 3525 1640 3580 feste
1680 3525 1920 3580 ‚Cilicien
1975 3526 2200 3581 schfitze
2248 3526 2367 3579 sich
2415 3524 2617 3594 selber,

266 3595 430 3651 blieb
458 3596 577 3650 also
599 3593 791 3650 Cicero
821 3595 995 3649 selbst
1021 3594 1166 3648 noch
1193 3594 1252 3648 in
1271 3597 1390 3648 Ico-
1497 3596 1764 3651 wahrend
1803 3596 1903 3651 das
1941 3596 2087 3651 nach
2116 3595 2312 3666 Syrien
2340 3615 2409 3649 zu
2437 3594 2617 3650 offene

268 3668 431 3722 nium
461 3665 690 3736 zurfick)
717 3667 865 3736 iique
890 3665 1029 3720 mslu·
1044 3666 1392 3721 numtiassent
1500 3665 1897 3736 Cappadocien
1932 3668 2031 3721 des
2060 3666 2327 3721 Schutzes
2364 3666 2615 3722 bedfirfe.

268 3741 417 3811 regis
440 3739 775 3793 Parthorum
800 3737 997 3804 filium,
1015 3751 1242 3806 quocum
1261 3742 1392 3792 essct
1497 3767 1569 3777 —-
1595 3743 1754 3807 patet
1796 3756 1835 3793 a
1869 3738 2064 3809 Syria]
2110 3737 2261 3792 Fam.
2310 3737 2429 3793 XV.
2468 3743 2518 3790 2.
2560 3743 2616 3791 11

267 3816 450 3936 Ἠιῖ
484 3810 630 3934 τῗρίε
664 3806 1390 3932 Armevssffissigorghya?
1496 3814 1617 3932 grat
1651 3810 1795 3893 cuim
1831 3826 2035 3880 magua
2069 3809 2340 3932 εᾳῳὲιᾱὲ,
2381 3808 2620 3932 Ραέξῖροε

268 3898 409 4007 runi>
432 3897 617 4019 073)ἕέ
634 3989 647 4002 .
672 3895 988 4015 &Kimissa
1024 3947 1388 4016 Euphratem·
1499 3897 1652 4003 ciam·
1681 3896 2048 4018 wizzi-grecae?
2082 3897 2188 4005 itt'gr
2223 3895 2468 4018 01313ηέοξ
2479 3895 2621 4020 Ozz-

268 4040 372 4093 quc
431 4024 549 4077 iam
603 4021 841 4075 transire
896 4020 1128 4087 coepisse
1181 4019 1396 4088 dicique
1498 4021 1812 4090 padociam,
1848 4021 1993 4091 quod
2028 4037 2092 4076 ea
2126 4021 2362 4076 maxime
2389 4025 2623 4091 pateret,

270 4093 599 4149 Armenium
649 4106 822 4159 reyem
875 4091 940 4143 iu
987 4089 1397 4158 Cappadociam
1502 4106 1612 4145 esse
1663 4093 1925 4158 facturos,
1977 4122 2043 4132 —
2101 4092 2369 4162 reyesquc]
2426 4092 2500 4145 ib.
2559 4097 2620 4146 21

273 4167 531 4234 impetum
560 4177 668 4216 0330
694 4162 974 4227 facturum
993 4202 1006 4215 .
1028 4190 1122 4214 .—-
1135 4159 1392 4231 Parthos]
1504 4167 1689 4216 castra
1738 4164 1814 4218 ad
1857 4162 2112 4233 Cybistra
2156 4164 2359 4230 locavi,
2409 4169 2474 4217 ut
2508 4163 2623 4216 Ar-

273 4234 376 4290 Die
406 4234 681 4289 Unruhen
706 4229 786 4283 im
813 4230 1015 4285 Innern
1043 4229 1141 4284 des
1159 4229 1396 4285 Reiches
1504 4234 1763 4305 tuasdesL
1794 4250 1892 4288 rex
1937 4234 2262 4299 Armeniae,
2307 4246 2624 4302 quocunque

269 4308 454 4377 gabon
515 4303 628 4359 den
683 4301 940 4356 ausser-en
993 4299 1240 4355 Feinden
1287 4302 1397 4357 Ge-
1502 4305 1690 4358 animo
1719 4309 1865 4372 essct,
1901 4306 2063 4359 sciret
2087 4321 2202 4359 nou
2219 4305 2418 4374 procul
2445 4321 2480 4358 a
2506 4305 2624 4358 suis

267 4375 598 4449 [egenheit,
645 4372 737 4426 die
774 4371 1253 4442 Grenzprovinzen
1297 4389 1396 4425 un·
1504 4375 1709 4442 finibus
1744 4377 2038 4431 exercitum
2074 4374 2136 4430 P.
2175 4374 2245 4429 R.
2286 4390 2409 4429 esse.
