3000 4917
396 213 491 276 40
1202 212 1332 268 LIB.
1366 213 1409 269 Ι.
1472 211 1703 269 EPIST.
1745 217 1827 266 14.
1871 216 1951 265 15.

399 375 665 441 omnino
723 376 1066 440 excidisset
1122 411 1207 421 —-·
1262 375 1497 439 etenim
1553 375 1811 459 penitus
1859 374 2185 444 insederat
2229 410 2341 458 —,
2401 374 2467 439 vi
2522 379 2746 441 tamen

397 468 868 547 tempestatum
924 468 989 528 et
1043 485 1362 530 concursu
1415 464 1859 529 calamitatum
1916 467 2057 527 erat
2110 463 2514 547 aliquantum
2570 465 2745 530 labe-

398 552 646 618 factata
692 558 881 637 atque
930 553 1267 637 convulsa3
1325 553 1429 617 cui
1474 555 1540 617 te
1587 552 1892 635 opitulari
1941 556 2007 616 et
2052 551 2236 617 video
2285 556 2350 617 et
2395 552 2463 616 id
2512 552 2745 618 fecisse

401 641 602 707 etiam
658 642 968 726 proximis
1020 642 1256 706 litteris
1312 642 1718 726 multumque
1775 640 2123 725 profecisse
2188 642 2417 706 sentio.
2518 641 2748 726 Itaque

399 730 525 795 hoc
584 731 839 815 saepius
896 731 1232 796 dicendum
1288 732 1538 814 tibique
1593 752 1728 795 non
1783 730 2280 814 significandum
2337 730 2570 814 solum,
2635 730 2751 795 sed

402 819 599 884 etiam
675 820 1131 885 declarandum
1206 820 1518 904 arbitror,
1588 818 1758 883 nihil
1834 818 1995 882 mihi
2060 839 2200 883 esse
2265 820 2553 903 potuisse
2615 820 2750 884 tuis

401 908 638 973 litteris
687 910 954 995 gratius.

318 998 367 1065 3
582 997 684 1060 Ad
740 997 1204 1063 consolandum
1261 1001 1479 1061 autem
1535 1018 1681 1061 eum
1736 996 1850 1060 illa
1902 996 2148 1078 valent,
2208 1017 2371 1079 quae
2418 997 2752 1081 eleganter

404 1085 790 1170 copioseque
838 1086 1180 1171 collegisti,
1225 1089 1366 1150 tum
1413 1084 1578 1149 nihil
1615 1086 1780 1170 plus,
1827 1107 2019 1169 quam
2069 1084 2239 1169 quod
2283 1085 2752 1150 firmitudinem

403 1175 923 1259 gravitatemque
971 1175 1171 1239 animi
1215 1176 1312 1240 tui
1358 1175 1683 1259 perspexi,
1739 1196 1933 1259 quam
1980 1194 2115 1237 non
2161 1173 2404 1238 imitari
2449 1174 2750 1258 turpissi-

402 1285 583 1328 mum
631 1264 950 1329 existimo.
1025 1262 1244 1349 Atque
1291 1264 1415 1329 hoc
1462 1264 1658 1328 etiam
1707 1263 2041 1328 fortiorem
2087 1285 2191 1327 me
2238 1266 2397 1347 puto
2446 1284 2635 1347 quam
2686 1267 2755 1327 te

401 1352 644 1436 ipsum,
699 1356 1182 1436 praeceptorem
1238 1352 1669 1431 fortitudinis,
1730 1352 1899 1436 quod
1952 1356 2027 1416 tu
2082 1351 2242 1415 mihi
2297 1351 2511 1416 videre
2567 1374 2756 1436 spem

402 1440 788 1505 nonnullam
832 1442 1074 1506 habere
1118 1441 1281 1507 haec
1328 1441 1675 1526 aliquando
1719 1441 1942 1505 futura
1988 1440 2285 1523 meliora3
2344 1461 2528 1505 casus
2576 1441 2756 1505 enim

404 1528 779 1615 gladiatorii
834 1531 1417 1615 similitudinesque
1474 1553 1615 1614 eae,
1668 1533 1809 1594 tum
1864 1530 2154 1594 rationes
2210 1529 2281 1592 in
2338 1551 2421 1593 ea·
2461 1528 2755 1613 disputa-

404 1618 582 1683 tione
639 1641 678 1683 a
732 1622 796 1683 te
855 1620 1163 1684 collectae
1218 1622 1527 1685 vetabant
1581 1640 1684 1683 me
1731 1619 1809 1683 de
1855 1641 1924 1683 re
1970 1617 2232 1701 publica
2277 1618 2539 1702 penitus
2585 1618 2755 1683 diffi-

406 1707 572 1773 dere.
663 1707 893 1792 Itaque
951 1710 1225 1773 alterum
1281 1710 1496 1773 minus
1553 1708 1819 1791 mirum,
1873 1707 2213 1772 fortiorem
2269 1712 2335 1770 te
2383 1728 2550 1791 esse,
2606 1728 2758 1772 cum

406 1795 653 1881 aliquid
702 1819 941 1882 speres,
985 1799 1259 1863 alterum
1304 1798 1560 1881 mirum,
1607 1818 1720 1881 spe
1768 1797 1901 1861 ulla
1941 1796 2165 1860 teneri.
2243 1794 2409 1870 Quid
2446 1799 2545 1859 est
2581 1797 2759 1860 enim

405 1907 539 1950 non
566 1886 661 1949 ita
689 1886 1030 1965 adfectum,
1066 1890 1140 1951 ut
1174 1886 1240 1949 id
1275 1908 1408 1952 non
1436 1886 1720 1951 deletum
1750 1884 2265 1968 exstinctumque
2294 1905 2433 1948 esse
2459 1884 2759 1949 fateare?

409 1971 847 2057 Circumspice
895 1975 1113 2039 omnia
1160 1977 1449 2040 membra
1493 1976 1589 2039 rei
1632 1975 1951 2059 publicae,
2002 1995 2165 2058 quae
2212 1972 2557 2037 notissima
2605 1975 2763 2037 sunt

405 2063 555 2127 tibi:
600 2063 851 2128 nullum
897 2065 1177 2148 reperies
1213 2064 1525 2148 profecto,
1572 2063 1743 2148 quod
1780 2084 1913 2127 non
1950 2061 2230 2136 fractum
2267 2061 2759 2126 debilitatumve

407 2152 518 2235 sit3
584 2173 747 2235 quae
809 2173 1250 2237 persequerer,
1316 2154 1372 2217 si
1436 2156 1552 2217 aut
1609 2152 1841 2217 melius
1910 2173 1985 2216 ea
2048 2150 2360 2234 viderem,
2425 2172 2619 2234 quam
2681 2153 2761 2215 tu

406 2240 616 2324 vides,
673 2243 787 2305 aut
831 2262 1334 2306 commemorare
1382 2263 1642 2326 possem
1690 2242 1826 2305 sine
1884 2239 2131 2304 dolore:
2188 2260 2578 2324 quamquam
2626 2242 2761 2304 tuis

320 2330 372 2393 4
409 2329 675 2394 monitis
741 2330 1232 2415 praeceptisque
1301 2331 1512 2395 omnis
1570 2334 1670 2394 est
1724 2328 2096 2394 abiciendus
2154 2328 2353 2392 dolor.
2452 2325 2632 2413 Ergo
2692 2331 2763 2392 et

411 2418 766 2483 domestica
808 2418 1119 2503 feremus,
1173 2423 1249 2484 ut
1294 2441 1543 2498 censes,
1597 2423 1664 2483 et
1716 2417 1979 2503 publica
2031 2418 2229 2500 paulo
2278 2416 2474 2480 etiam
2521 2415 2761 2481 fortius

408 2507 687 2572 fortasse
735 2529 929 2591 quam
976 2511 1049 2573 tu
1094 2509 1250 2592 ipse,
1299 2509 1409 2593 qui
1453 2508 1802 2591 praecipis3
1846 2511 1912 2571 te
1959 2507 2129 2571 enim
2170 2505 2387 2590 aliqua
2426 2526 2573 2588 spes
2613 2527 2763 2570 con-

411 2597 679 2680 solatur,
724 2600 798 2660 ut
845 2597 1095 2681 scribis,
1139 2619 1261 2663 nos
1311 2597 1549 2661 erimus
1598 2598 1793 2660 etiam
1841 2596 1909 2659 in
1957 2595 2244 2661 omnium
2282 2615 2496 2658 rerum
2537 2593 2764 2676 despe-

408 2685 663 2750 ratione
708 2684 929 2769 fortes,
975 2690 1049 2750 ut
1094 2689 1168 2751 tu
1213 2689 1437 2750 tamen
1483 2686 1654 2750 idem
1701 2688 1767 2749 et
1811 2683 2093 2750 hortaris
2143 2686 2208 2747 et
2243 2682 2593 2767 praecipis3
2643 2682 2765 2747 das

408 2893 592 2949 einem
646 2893 1006 2963 glficklichen
1062 2893 1197 2949 oder
1257 2893 1533 2966 unglfick-

408 2965 598 3019 lichen
629 2965 820 3019 Leben
844 2964 917 3036 jn
955 2964 1062 3019 den
1089 2965 1314 3036 Dingen
1350 2965 1535 3021 ausser

406 3051 513 3090 uns
552 3036 777 3090 suchen.
835 3035 1002 3089 Ahnl.
1031 3036 1209 3089 findet
1237 3037 1358 3091 sich
1387 3038 1533 3091 auch

410 3107 574 3160 Tusc.
621 3105 690 3160 V.
741 3112 825 3160 12.
874 3111 943 3160 36
999 3107 1091 3161 die
1143 3110 1290 3163 nach
1336 3108 1532 3162 Platos

407 3176 713 3247 Vorgange
767 3177 848 3231 im
901 3176 1239 3232 Menexenus
1294 3197 1348 3248 p.
1389 3185 1532 3233 24⁷0

409 3249 700 3319 gegebene
751 3248 1205 3319 Umschreibung
1255 3250 1354 3305 der
1391 3251 1530 3305 stoi-

409 3319 583 3375 schen
618 3314 952 3387 αὐτάρκεια.

422 3447 423 3450 ,
482 3397 531 3446 2.
608 3391 722 3463 cm]
791 3408 866 3446 sc.
933 3390 1296 3462 cogitationi,
1361 3377 1537 3446 Uber-

407 3478 808 3589 ἷῖῗιεέῃεὰαᾷ-
835 3464 1384 3604 ᾱῗὰῗὴὲὲὴῗῖξῖ]
1442 3462 1536 3517 ich

406 3606 524 3660 und
577 3604 797 3674 ffihle,
855 3604 980 3659 dass
1033 3604 1107 3658 du
1153 3604 1335 3660 dieses
1391 3606 1537 3660 auch

406 3695 460 3731 u.
502 3694 542 3731 s.
581 3695 649 3730 w.

481 3753 529 3801 3.
571 3746 999 3818 praeceptorem]
1037 3747 1113 3800 im
1154 3746 1354 3801 Scherz
1392 3748 1536 3801 statt

410 3818 511 3873 der
557 3820 718 3874 sonst
763 3835 905 3888 gew.
944 3817 1411 3888 Umschreibung.
1465 3849 1533 3858 —

406 3890 613 3961 videre]
653 3890 746 3943 fiir
781 3889 988 3944 videris
1026 3890 1202 3944 findet
1229 3888 1351 3943 sich
1379 3892 1537 3944 sonst

405 3959 570 4015 nicht
614 3961 708 4016 bei
756 3958 975 4028 Cicero,
1023 3960 1123 4015 der
1169 3960 1259 4015 die
1296 3960 1537 4030 Endung

407 4047 467 4087 re
522 4032 664 4086 statt
716 4032 798 4086 ris
841 4030 922 4085 im
971 4030 1152 4086 Indik.
1202 4031 1387 4088 Praes.
1436 4032 1538 4086 der

410 4108 461 4157 3.
509 4102 625 4156 und
671 4108 722 4157 4.
759 4102 1141 4174 Konjugation
1185 4104 1300 4170 nie,
1347 4105 1448 4157 der
1484 4107 1534 4158 2.

408 4173 527 4227 und
589 4179 636 4229 1.
684 4173 846 4245 Konj.
903 4192 1009 4229 nur
1062 4173 1537 4230 ausnahmsweise

411 4243 742 4315 gebraucht,
770 4245 1036 4301 wahrend
1065 4249 1224 4301 sonst
1240 4247 1319 4301 im
1340 4242 1538 4300 Passiv

411 4314 505 4370 die
534 4315 775 4388 Endung
810 4334 868 4373 re
904 4317 994 4372 fiir
1029 4319 1111 4373 ris
1137 4317 1232 4373 bei
1260 4318 1380 4372 ihm
1407 4332 1536 4371 vor-

408 4386 599 4458 wiegt.
675 4420 743 4429 -—
814 4388 968 4461 haec]
1044 4389 1136 4445 die
1211 4389 1364 4459 Lago
1438 4388 1537 4441 des

1643 2894 1881 2950 Staates.
1910 2924 1982 2933 —
2009 2892 2123 2962 eae]
2154 2891 2271 2946 und
2299 2891 2391 2946 die
2420 2892 2603 2946 davon
2629 2893 2770 2961 (den

1641 2981 1800 3021 casus
1834 2965 1929 3034 92.)
1975 2966 2404 3018 entnommenen
2441 2965 2561 3017 sim.
2601 2963 2768 3018 oder=

1642 3035 1734 3091 die
1770 3053 1882 3091 von
1918 3036 2026 3090 den
2064 3049 2170 3088 cae.
2213 3036 2283 3103 91.
2328 3037 2768 3088 entnommenen

1639 3108 1784 3175 δίης
1851 3106 1950 3160 das
2012 3104 2432 3159 Demonstrativ
2486 3105 2588 3158 hat
2642 3105 2770 3160 sich

1640 3178 1816 3232 durch
1852 3174 2245 3231 Assimilation
2282 3193 2353 3231 an
2392 3176 2491 3230 das
2527 3177 2768 3230 voi-her-

1639 3249 1894 3320 gehende
1947 3245 2277 3302 Substantiv
2320 3244 2622 3302 attributiv
2667 3264 2771 3301 an-

1638 3320 2014 3391 geschlossen.
2087 3318 2162 3371 Es
2200 3316 2446 3386 scheint‚
2492 3317 2770 3388 Luccejus

1644 3392 1827 3460 hatte,
1891 3408 1988 3444 um
2052 3389 2242 3443 seinen
2299 3387 2520 3443 Freund
2576 3390 2772 3443 aufzu-

1644 3462 1880 3530 richten,
1920 3460 2019 3515 auf
2042 3461 2133 3514 die
2162 3458 2769 3529 Gladiatorenkampfe

1642 3532 1966 3601 verwiesen,
1993 3532 2054 3586 in
2084 3531 2263 3585 denen
2293 3529 2377 3584 oft
2396 3530 2488 3584 ein
2506 3530 2770 3600 Fechter,

1644 3605 1744 3659 der
1770 3605 1942 3659 sehon
1969 3620 2111 3673 ganz
2139 3602 2518 3656 fiberwunden
2546 3620 2615 3656 zu
2644 3602 2772 3657 sein

1643 3674 1862 3743 schien,
1917 3673 2036 3729 sich
2085 3672 2296 3727 wieder
2343 3671 2603 3727 aufraffte
2649 3674 2773 3728 und

1645 3746 1843 3816 siegte.
1898 3776 1965 3786 —
2017 3743 2295 3814 vetabant]
2334 3743 2415 3797 sie
2454 3744 2776 3800 erreichten

1641 3818 1802 3871 ihren
1848 3816 2049 3871 Zweck
2098 3814 2272 3871 nicht.
2328 3845 2401 3854 —
2454 3815 2772 3888 fortiorem]

1643 3887 2282 4013 232222122350330.
2303 3886 2423 4011 ’ἔξω
2478 3902 2612 4027 332⁸
2648 3887 2776 4027 ..2³22

1644 4031 1835 4099 aliqua
1887 4032 1943 4095 (5
1998 4034 2048 4096 4,
2104 4028 2209 4082 wie
2266 4028 2498 4082 soebenz
2554 4029 2777 4098 aliquid

1645 4102 1844 4170 speres)
1874 4099 2070 4223 iffend
2089 4099 2319 4167 welche,
2356 4098 2447 4153 die
2478 4098 2605 4154 eine
2636 4101 2775 4154 oder

1646 4172 1850 4226 andere
1943 4169 2199 4240 offnnng3
2245 4168 2356 4240 vgl.
2393 4189 2437 4225 z.
2475 4172 2776 4240 quicquam

1645 4242 1839 4367 IIbll'l.
1882 4247 1929 4297 1.
1975 4272 2042 4281 —
2088 4244 2202 4296 tuis
2238 4241 2488 4296 monitis:
2523 4243 2775 4297 welcher

1716 4390 1766 4439 4.
1804 4383 2068 4454 hortaris]
2110 4382 2233 4438 dass
2262 4398 2321 4438 er
2349 4383 2493 4437 auch
2534 4384 2606 4437 in
2643 4399 2763 4438 om-
