3000 4917
392 230 520 293 118
1175 228 1312 284 LIB.
1349 228 1418 285 II.
1480 228 1701 285 EPIST.
1742 234 1826 283 24.
1865 236 1951 285 25.

388 393 519 456 mei
577 392 907 476 temporie.
998 391 1163 467 Quid
1222 392 1292 455 in
1338 413 1414 455 eo
1463 412 1698 475 genere
1745 392 1998 457 efficere
2043 394 2283 476 possiS‚
2341 393 2439 458 tui
2485 394 2750 458 consilii

389 484 511 545 est:
562 500 685 565 ego
733 486 825 559 te,
881 480 1053 564 quod
1099 480 1222 544 tibi
1266 481 1485 545 veniet
1537 480 1607 544 in
1653 484 1931 545 mentem
1978 503 2123 545 mea
2168 482 2502 564 interesse,
2548 482 2748 548 valde

387 589 566 654 rogo.
660 568 967 633 Pluribus
1013 568 1229 633 verbis
1279 569 1360 632 ad
1407 573 1474 633 te
1523 569 1889 651 scriberem,
1935 570 1992 633 si
2038 573 2152 633 aut
2198 574 2314 634 tua
2358 570 2748 635 humanitas

387 658 752 741 longiorem
808 657 1169 722 orationem
1231 660 1635 740 exspectaret
1690 662 1803 721 aut
1856 657 1925 721 id
1978 658 2122 722 fieri
2176 664 2403 723 nostra
2450 661 2749 725 amicitia

384 749 721 829 pateretur
760 750 874 810 aut
911 767 1014 809 res
1053 746 1253 809 verba
1291 745 1685 809 desideraret
1723 768 1796 810 ac
1833 767 1965 810 non
2006 768 2124 830 pro
2165 768 2232 811 se
2272 747 2419 831 ipsa
2447 749 2742 833 loquere-

384 839 521 899 tur:
559 835 684 899 hoc
720 834 919 899 velim
958 834 1084 899 tibi
1121 833 1527 917 persuadeaS,
1565 835 1621 898 si
1654 834 2017 899 rationibus
2046 836 2208 900 meis
2238 836 2573 919 provisum
2611 859 2651 901 a
2677 841 2749 901 te

387 945 528 987 esse
581 923 987 1006 intellexero,
1048 942 1355 1006 magnam
1411 927 1477 986 te
1536 944 1613 987 ex
1671 944 1746 987 eo
1795 926 1860 987 et
1904 927 2286 1008 perpetuam
2332 926 2747 1008 voluptatem

389 1033 529 1075 esse
576 1015 933 1094 capturum.

1248 1169 1610 1235 EmsrULA
1665 1168 1870 1235 XXV.

1291 1291 1402 1358 (Ad
1436 1290 1572 1345 fam.
1613 1289 1705 1345 111.
1752 1294 1823 1359 5.)

989 1415 1064 1468 Μ.
1105 1414 1365 1469 CICERO
1408 1414 1462 1469 S.
1500 1413 1565 1468 D.
1607 1415 1719 1469 ΑΡ.
1758 1415 2117 1470 PULCHRO.

330 1524 366 1588 1
566 1524 821 1589 Tralles
878 1524 1024 1589 veni
1082 1547 1136 1588 a.
1195 1522 1254 1589 d.
1308 1541 1403 1588 v1.
1449 1523 1594 1589 Kal.
1653 1520 1827 1588 Sext.
1917 1524 2021 1588 Ibi
2076 1524 2238 1587 mihi
2294 1527 2557 1607 praesto
2615 1525 2742 1589 fuit

386 1612 458 1677 L.
499 1613 783 1678 Lucilius
832 1635 978 1677 cum
1023 1612 1262 1676 litteris
1313 1612 1767 1696 mandatisque
1802 1612 1967 1696 tuis3
2013 1634 2138 1696 quo
2178 1613 2439 1697 quidem
2476 1613 2742 1677 homine

385 1702 713 1765 neminem
759 1701 1037 1784 potuisti
1081 1722 1201 1765 nec
1246 1700 1408 1764 mihi
1456 1701 1829 1765 amiciorem
1873 1722 2012 1783 nec,
2056 1705 2132 1764 ut
2178 1701 2481 1784 arbitror,
2531 1701 2612 1764 ad
2661 1723 2738 1765 ea

387 1790 864 1875 cognoscenda,
936 1811 1099 1874 quae
1171 1789 1333 1853 scire
1395 1789 1722 1871 volebam,
1793 1790 2113 1873 aptiorem
2176 1789 2741 1872 prudentioremve

384 1879 673 1962 mittere3
738 1899 860 1964 ego
928 1882 1145 1942 autem
1209 1882 1274 1941 et
1330 1881 1477 1941 tuas
1539 1877 1795 1941 litteras
1862 1878 1992 1963 legi
2051 1878 2332 1942 libenter
2393 1881 2459 1943 et
2519 1877 2738 1942 audivi

382 1965 706 2032 Lucilium
753 1966 1115 2052 diligenter.
1190 1965 1406 2044 Nunc,
1444 1966 1752 2048 quoniam
1791 1970 1854 2029 et
1890 1970 1964 2030 tu
2002 1967 2097 2030 ita
2135 1966 2339 2030 sentis
2383 2001 2461 2012 —-—
2505 1968 2738 2031 scribis

386 2057 556 2120 enim
567 2105 584 2139 ,
641 2077 803 2140 quae
859 2055 936 2118 de
995 2056 1238 2120 nostris
1296 2054 1526 2119 officiis
1576 2075 1696 2138 ego
1746 2054 1828 2118 ad
1875 2059 1940 2119 te
1990 2055 2388 2138 scripserim,
2447 2055 2570 2119 etsi
2614 2055 2741 2119 tibi

382 2143 664 2208 iucunda
717 2144 981 2225 fuerint,
1036 2146 1283 2227 tamen,
1352 2144 1661 2226 quoniam
1717 2164 1794 2207 ex
1850 2144 1985 2208 alto
2052 2143 2330 2226 repetita
2388 2144 2549 2227 sint,
2608 2165 2743 2208 non

382 2233 748 2297 necessaria
794 2237 862 2297 te
899 2236 1166 2316 putasse
1206 2268 1290 2279 —
1331 2235 1397 2296 et
1433 2253 1505 2295 re
1543 2254 1713 2315 vera,
1751 2232 2129 2296 confirmata
2169 2231 2459 2296 amicitia
2498 2237 2562 2296 et
2597 2253 2741 2315 per-

388 2324 609 2404 specta
668 2322 796 2385 fide
857 2320 1389 2385 commemoratio
1453 2320 1816 2385 officiorum
1874 2342 2353 2404 supervacanea
2410 2329 2534 2404 est,
2596 2342 2743 2385 eam

384 2414 638 2492 partem
698 2410 1012 2475 orationis
1070 2408 1619 2492 praetermittam3
1674 2409 1799 2473 tibi
1855 2412 2077 2474 tamen
2121 2429 2343 2494 agam,
2399 2412 2475 2472 ut
2519 2409 2742 2492 debe0,

384 2499 660 2583 gratias3
711 2498 1139 2563 animadverti
1191 2498 1363 2562 enim
1412 2501 1476 2561 et
1525 2497 1719 2561 didici
1767 2520 1843 2562 ex
1881 2497 2014 2562 tuis
2053 2497 2291 2561 litteris
2329 2501 2395 2561 te
2433 2498 2739 2562 omnibus

385 2588 455 2650 in
493 2588 685 2651 rebus
722 2587 1027 2652 habuisse
1066 2588 1404 2668 rationem,
1442 2591 1519 2650 ut
1553 2586 1717 2649 mihi
1746 2587 2113 2650 consuleres
2143 2587 2738 2670 praestitueresque

388 2680 452 2738 et
495 2697 918 2759 praeparares
970 2676 1250 2759 quodam
1289 2674 1480 2738 modo
1530 2676 1764 2755 omnia,
1813 2696 1938 2758 quo
1989 2695 2132 2739 mea
2168 2674 2336 2739 ratio
2376 2674 2634 2740 facilior
2672 2679 2740 2739 et

321 2763 365 2828 2
388 2764 663 2829 solutior
700 2786 839 2828 esse
876 2767 1115 2847 posset.
1199 2762 1344 2827 Hoc
1384 2767 1571 2827 tuum
1601 2762 1889 2827 officium
1919 2785 2063 2827 cum
2093 2763 2258 2826 mihi
2287 2763 2738 2847 gratissimum

383 2873 524 2915 esse
562 2853 795 2933 dicam,
844 2853 1137 2936 sequitur
1171 2852 1354 2934 illud,
1399 2855 1473 2915 ut
1510 2855 1577 2916 te
1616 2852 1985 2915 existimare
2024 2851 2219 2916 velim
2257 2852 2420 2915 mihi
2458 2872 2739 2936 magnae

382 2961 571 3004 curae
637 2941 775 3003 fore
823 2944 1018 3024 atque
1067 2962 1205 3004 esse
1252 2941 1413 3023 iam,
1468 2941 1753 3024 primum
1799 2943 1873 3003 ut
1918 2939 2059 3021 ipse
2105 2944 2180 3004 tu
2225 2940 2446 3023 tuique
2493 2961 2740 3023 omnes,

384 3028 611 3091 deinde
648 3032 722 3092 ut
765 3029 962 3092 etiam
1001 3028 1235 3113 reliqui
1275 3029 1438 3093 scire
1477 3029 1735 3111 possint
1770 3049 1873 3092 me
1909 3028 2031 3091 tibi
2070 3049 2212 3092 esse
2243 3029 2739 3112 amicissimum3

384 3116 553 3199 quod
612 3116 845 3199 quibus
910 3117 1117 3181 adhuc
1172 3139 1308 3181 non
1369 3117 1528 3181 satis
1589 3120 1689 3182 est
1740 3120 2178 3200 perspectum,
2237 3117 2285 3180 ii
2340 3117 2502 3181 mihi
2559 3117 2739 3181 nolle

384 3204 593 3288 magis
630 3227 750 3269 nos
786 3204 911 3269 hoc
950 3205 1166 3269 animo
1207 3227 1366 3288 esse,
1406 3227 1600 3289 quam
1637 3227 1770 3269 non
1806 3205 2179 3290 intellegere
2216 3205 2534 3270 videntur.
2601 3202 2729 3269 Sed

381 3292 672 3376 profecto
718 3294 1133 3379 intellegent,
1188 3315 1396 3378 neque
1444 3294 1615 3358 enim
1666 3294 1956 3358 obscuris
2002 3294 2296 3376 personis
2343 3315 2461 3358 nec
2507 3294 2725 3376 parvis

379 3469 602 3523 decurso
648 3470 828 3537 spatio
874 3485 912 3521 a
956 3468 1103 3522 calce
1150 3468 1225 3521 acl
1269 3482 1508 3521 carceres
1615 3466 2056 3535 geschriebcnen
2092 3465 2278 3521 Briefe
2317 3468 2491 3535 (Fam.
2529 3466 2624 3521 111.
2664 3469 2741 3537 4.)

377 3540 635 3594 revocari.
694 3570 762 3579 —
817 3539 922 3593 mei
967 3538 1245 3609 temporis]
1293 3536 1507 3592 meiner
1615 3537 1736 3591 sich
1780 3539 1920 3593 iiber
1965 3539 2119 3592 seinc
2165 3536 2741 3592 treundschaftlichen

381 3609 457 3677 (d.
495 3610 533 3665 i.
572 3611 671 3663 der
698 3610 807 3663 mir
832 3609 1217 3676 bestimmten)
1258 3609 1396 3663 Zeit.
1436 3638 1504 3648 -
1612 3608 2007 3677 Beziehungen
2053 3627 2121 3662 zu
2156 3608 2374 3677 Appius
2414 3608 2736 3664 verbreitct.

378 3680 691 3735 intellexero
758 3698 799 3735 s,
829 3698 874 3733 z.
905 3680 945 3734 Ι.
976 3684 1061 3734 24.
1098 3685 1145 3733 2.
1685 3685 1736 3733 2.
1782 3695 1946 3733 curae
1989 3680 2132 3750 fore]
2180 3698 2222 3734 s.
2269 3698 2313 3734 z.
2361 3680 2400 3732 Ι.
2453 3685 2537 3735 25.
2576 3686 2627 3734 4.
2664 3709 2741 3720 --

454 3751 630 3805 Ensr.
715 3751 830 3808 XV.
860 3752 1004 3819 (703.
1036 3751 1145 3820 51.)
1207 3748 1321 3804 Der
1347 3748 1507 3803 Brief
1610 3751 1735 3817 fieri
1778 3750 1969 3804 melius
2012 3750 2160 3830 volo]
2204 3750 2301 3804 das
2347 3749 2591 3805 Adverb.
2644 3750 2740 3804 be-

378 3822 456 3875 ist
491 3821 550 3876 in
588 3821 805 3877 Tralles
844 3820 1236 3890 geschrieben‚
1286 3838 1375 3876 wo
1416 3820 1505 3874 Ci-
1611 3820 1870 3875 zeichnet
1911 3820 2069 3875 nicht
2106 3821 2197 3875 die
2238 3821 2601 3891 Ausffihrung
2637 3822 2741 3876 der

381 3909 507 3947 cero
548 3911 597 3948 a.
630 3895 681 3948 d.
725 3893 824 3947 VI..
854 3893 987 3947 Kal.
1020 3892 1168 3948 Sext.
1198 3892 1375 3961 (Fam.
1403 3890 1501 3946 111.
1610 3891 1918 3960 Handlung
1955 3891 2073 3960 (des
2100 3893 2224 3959 fieri
2251 3910 2303 3945 u.
2333 3892 2468 3960 dici)
2498 3892 2581 3946 als
2611 3892 2740 3946 eine

380 3968 428 4017 5.
472 3967 542 4032 1.)
582 3964 803 4019 ankam.
1612 3963 1853 4029 bessem,
1874 3964 2113 4028 sondern
2131 3961 2741 4031 giebteinUrteili’iber

454 4041 501 4089 1.
567 4035 825 4089 Lucilius
894 4035 1128 4103 gehorte
1194 4032 1343 4087 wohl
1407 4051 1502 4086 zur
1614 4032 1705 4088 die
1742 4032 2045 4102 Handlung
2083 4033 2261 4089 selbst
2310 4033 2430 4087 Liv.
2469 4034 2510 4088 I.
2552 4040 2635 4088 13.
2675 4040 2738 4088 3:

380 4105 565 4159 cohors
605 4104 700 4159 des
738 4105 1105 4174 abgchenden
1142 4103 1499 4159 Prokonsula
1612 4105 1803 4158 melius
1840 4105 2146 4173 peribimus
2177 4121 2343 4173 quam
2372 4105 2623 4159 vivemua
2667 4135 2734 4144 —

382 4205 447 4213 —
477 4177 560 4228 ita
586 4176 776 4247 sentis]
806 4193 879 4230 sc.
914 4173 1506 4229 commemorationem
1613 4176 1858 4230 obscuris
1899 4175 2171 4245 personis]
2222 4176 2322 4228 der
2357 4174 2593 4229 Dativus
2639 4174 2741 4229 der

381 4244 687 4299 officiorum
744 4261 1220 4316 supervacaneam
1260 4262 1395 4300 esse.
1438 4276 1501 4285 —
1611 4245 1870 4315 thatigen
1945 4246 2151 4301 Person
2236 4244 2417 4314 (beim
2489 4245 2735 4301 Perfekt.

381 4331 447 4367 ex
483 4316 596 4369 alto
630 4317 768 4387 rep]
827 4314 941 4372 Cic.
997 4318 1158 4371 hatte
1194 4315 1500 4371 besonders
1612 4314 1768 4372 Pasa.
1816 4316 2094 4385 haufiger,
2143 4316 2235 4370 bei
2287 4317 2394 4371 den
2442 4314 2740 4372 einfachen

379 4385 439 4438 in
492 4386 675 4440 einem
727 4386 787 4441 in
831 4387 1191 4441 Brundisium
1241 4386 1320 4440 im
1370 4386 1505 4440 Juni
1614 4386 2043 4442 Verbalformen
2108 4388 2346 4455 seiten),
2413 4406 2509 4442 um
2578 4388 2743 4443 nicht
