3000 4917
1060 259 1123 324 Q.
1164 258 1469 315 TULLIUS
1510 259 1788 316 CICERO.
2508 264 2596 329 53

247 441 376 501 eos,
422 441 516 503 qu
580 419 704 503 ipsi
749 442 863 503 per
911 441 977 484 se
1025 421 1316 486 habituri
1364 422 1497 486 sint
1543 424 1862 487 rationem
1910 423 2250 507 dignitatis
2291 446 2470 511 suae3
2519 426 2596 492 de

246 508 483 591 quibus
540 508 784 573 honore
841 512 907 573 et
963 508 1285 594 dignitate
1342 514 1408 575 et
1463 514 1675 575 aetate
1729 515 2021 594 praestat
2067 512 2350 597 Tubero,
2404 536 2595 599 quem

246 616 366 681 ego
418 596 722 680 arbitror,
766 599 1153 680 praesertim
1200 621 1345 663 cum
1384 599 1628 664 scribat
1663 600 2020 679 historiam,
2068 603 2307 665 multos
2346 624 2424 666 ex
2462 604 2595 668 suis

245 686 598 750 annalibus
645 706 838 768 posse
883 685 1204 771 deligere,'
1233 708 1393 769 quos
1430 688 1591 752 velit
1629 692 1694 752 et
1730 689 1938 771 possit
1977 689 2246 774 imitari3
2295 690 2593 756 Allienus

247 778 470 837 autem
515 779 741 838 noster
788 777 888 838 est
934 796 1077 838 cum
1126 776 1342 840 animo
1392 780 1457 840 et
1502 777 1975 859 benevolentia,
2020 781 2161 842 tum
2208 800 2357 843 vero
2396 780 2594 843 etiam

242 862 616 927 imitatione
661 862 941 927 vivendi.
1023 861 1196 928 Nam
1245 864 1399 947 quid
1449 884 1570 949 ego
1619 865 1695 930 de
1743 864 2037 930 Gratidio
2094 865 2348 930 dicam?
2405 889 2592 951 quem

243 954 422 1014 certo
474 951 609 1015 scio
655 950 751 1015 ita
796 951 1092 1015 laborare
1140 953 1217 1015 de
1265 953 1744 1018 existimatione
1791 976 1934 1036 sua,
1988 959 2062 1018 ut
2107 959 2373 1037 propter
2419 976 2592 1019 amo-

243 1060 382 1103 rem
438 1040 511 1103 in
565 1060 685 1103 nos
740 1039 1104 1104 fraternum
1160 1041 1359 1105 etiam
1415 1041 1491 1105 de
1537 1045 1765 1106 nostra
1811 1043 2078 1107 laboret.
2171 1042 2593 1117 Quaestorem
2617 1046 2695 1110 11

243 1127 450 1192 habes
506 1149 638 1191 non
694 1130 809 1191 tuo
869 1127 1108 1193 iudicio
1163 1129 1511 1213 delectum,
1569 1131 1678 1195 sed
1737 1153 1913 1214 eum,
1970 1152 2158 1215 quem
2206 1153 2344 1196 sors
2393 1131 2594 1196 dedit:

246 1216 417 1280 hunc
476 1219 733 1299 oportet
787 1220 853 1280 et
908 1238 1025 1281 sua
1072 1221 1301 1300 sponte
1349 1240 1490 1282 esse
1538 1219 1938 1284 moderatum
1987 1223 2055 1284 et
2099 1219 2229 1284 tuis
2277 1220 2594 1284 institutis

246 1326 320 1369 ac
348 1306 714 1388 praeceptis
752 1305 1216 1389 obtemperare.
1292 1306 1579 1381 Quorum
1609 1308 1663 1371 si
1694 1308 1836 1390 quis
1867 1308 2033 1372 forte
2062 1312 2233 1373 esset
2262 1309 2595 1395 sordidior,

246 1393 452 1458 ferres
500 1398 787 1477 eatenus,
834 1393 1047 1477 quoad
1084 1416 1200 1477 per
1238 1416 1306 1458 se
1352 1396 1727 1479 neglegeret
1763 1417 1871 1460 eas
1910 1397 2106 1482 leges,
2154 1397 2384 1480 quibus
2424 1405 2596 1462 esset

248 1481 602 1547 adstrictus
613 1530 630 1564 ,
685 1504 814 1546 non
868 1485 944 1545 ut
999 1504 1073 1547 ea
1126 1486 1478 1566 potestate,
1534 1505 1725 1566 quam
1780 1488 1852 1550 tu
1899 1485 1977 1548 ad
2025 1485 2407 1569 dignitatem
2455 1507 2594 1569 per-

248 1571 564 1647 misisses,
612 1569 692 1633 ad
741 1575 1078 1653 quaestum
1124 1574 1440 1654 uteretur;
1487 1593 1697 1657 neque
1740 1573 1912 1636 enim
1959 1573 2120 1636 mihi
2167 1594 2320 1637 sane
2365 1575 2596 1657 placet,

245 1660 635 1742 praesertim
682 1680 826 1723 cum
872 1658 943 1722 hi
988 1681 1201 1724 mores
1247 1663 1502 1725 tantum
1551 1661 1682 1725 iam
1731 1661 1810 1725 ad
1856 1662 2122 1728 nimiam
2159 1662 2491 1725 levitatem
2531 1667 2596 1726 et

249 1747 330 1811 ad
377 1747 807 1813 ambitionem
853 1747 1281 1831 incubuerint,
1327 1749 1604 1813 scrutari
1650 1753 1716 1813 te
1754 1771 1977 1814 omnes
2016 1749 2254 1832 sordeS,
2302 1753 2594 1814 excutere

247 1857 454 1900 unum
492 1858 812 1921 quemque
850 1857 1089 1919 eorum,
1136 1836 1266 1918 sed,
1305 1842 1551 1920 quanta
1588 1838 1675 1901 sit
1709 1839 1780 1901 in
1819 1859 2074 1922 quoque
2114 1837 2292 1920 fides,
2337 1841 2595 1901 tantum

247 1925 478 2009 cuique
526 1925 941 1990 committere.

426 2015 649 2096 Atque
695 2014 864 2077 inter
906 2012 1030 2077 hos
1077 2034 1214 2095 eOS,
1270 2036 1430 2097 quos
1486 2015 1609 2078 tibi
1666 2014 1931 2079 comites
1988 2019 2053 2079 et
2110 2014 2434 2080 adiutores
2488 2038 2592 2080 ne·

250 2103 577 2184 gotiorum
623 2101 1029 2184 publicorum
1077 2101 1252 2165 dedit
1296 2104 1440 2185 ipsa
1484 2125 1588 2167 res
1634 2103 1921 2188 publica,
1978 2103 2315 2168 dumtaxat
2360 2104 2593 2169 finibus

249 2188 328 2253 iis
374 2189 771 2275 praestabiS,
827 2211 988 2272 quos
1037 2193 1184 2253 ante
1242 2191 1657 2275 praescripsi3
1714 2188 1888 2276 (IV.)
1947 2214 2105 2275 quos
2153 2214 2305 2257 vero
2354 2198 2468 2259 aut
2515 2187 2696 2258 ex212

251 2277 628 2343 domesticis
702 2278 1213 2353 convictionibus
1288 2284 1400 2343 aut
1475 2301 1551 2343 ex
1624 2280 2002 2344 necessariis
2076 2281 2594 2364 apparitionibus

1478 2435 1666 2489 ffihrte
1695 2436 1860 2489 unter
1874 2435 2469 2491 Verantwortlichkeit
2495 2438 2593 2491 des

1480 2505 1848 2559 Statthalters
1886 2502 1977 2559 die
2014 2504 2191 2560 Kasse
2228 2504 2317 2559 fiir
2345 2507 2434 2560 die
2462 2506 2593 2562 Pro-

251 2431 456 2490 Senate
500 2451 599 2489 aus
638 2432 907 2489 Mannern
955 2434 1370 2489 senatorischen

250 2504 475 2576 Ranges
532 2507 791 2572 ernamt,
849 2505 982 2559 aber
1034 2504 1139 2558 mit
1187 2504 1369 2558 Rfick-

249 2574 392 2631 sicht
432 2575 536 2630 auf
567 2575 674 2630 den
702 2576 951 2630 Wunsch
988 2575 1204 2642 dessen‚
1242 2575 1368 2629 dem

250 2646 327 2701 sie
365 2647 717 2717 beigegeben
751 2646 995 2701 wurden.
1053 2644 1145 2699 Sie
1182 2662 1370 2699 waren

247 2716 527 2773 durchaus
546 2734 678 2772 vom
699 2715 1036 2771 Statthalter
1063 2715 1310 2784 abhangi
1353 2757 1366 2782 ‚

245 2789 354 2843 und
397 2789 580 2843 dieser
617 2806 731 2843 war
758 2789 846 2841 fiir
873 2785 997 2841 ihre
1023 2787 1302 2841 Amtshan
1346 2818 1368 2826 -

244 2857 459 2929 langen
495 2859 968 2914 verantwortlich.
1043 2859 1118 2912 Es
1154 2858 1363 2912 konnte

244 2926 420 2985 ihnen
484 2929 575 2984 die
629 2929 662 2982 J
667 2929 1004 2985 urisdiktion
1056 2929 1118 2983 in
1180 2927 1365 2984 einem

243 2998 403 3057 Teile
463 2999 563 3055 der
606 2999 844 3055 Provinz
900 3001 1034 3055 oder
1085 3000 1175 3054 ein
1220 3000 1362 3054 selb-

248 3072 539 3142 standiges
607 3071 964 3126 Kommando
1027 3070 1363 3139 iibertragen

245 3145 488 3198 werden.
530 3173 596 3182 --
640 3142 876 3212 Tubero]
919 3142 1110 3197 Aelius
1143 3142 1363 3196 Tubero

246 3231 359 3268 war
418 3214 524 3267 mit
578 3213 770 3268 Cicero
824 3229 936 3269 von
990 3212 1215 3282 Jugend
1270 3214 1370 3267 auf

246 3282 598 3339 befreundet.
672 3284 748 3337 Er
793 3283 1016 3337 schrieb
1055 3285 1195 3338 iiber
1218 3290 1367 3338 rom.

248 3353 601 3411 Geschichte.
677 3353 795 3408 Liv.
835 3352 928 3409 IV.
967 3360 1062 3420 233
1105 3354 1171 3409 X.
1212 3360 1259 3409 9.
1300 3386 1364 3395 —

250 3426 529 3497 Allienus]
559 3426 636 3480 ist
661 3426 818 3478 sonet
836 3425 995 3478 nicht
1013 3424 1277 3480 bekannt.
1304 3457 1364 3465 —

254 3495 578 3566 Gratidius]
595 3512 712 3551 war
731 3497 837 3550 mit
852 3494 1043 3550 Cicero
1062 3496 1366 3551 verwandt.

319 3574 406 3623 11.
448 3568 594 3638 sors]
641 3566 745 3621 Die
795 3567 1106 3632 Quantoren
1141 3568 1370 3623 wurden

248 3637 335 3692 fiir
376 3638 467 3694 die
514 3639 803 3693 einzelnen
840 3636 1149 3693 Provinzen
1195 3638 1371 3693 durch

254 3708 353 3766 das
383 3709 490 3764 Los
526 3710 830 3764 bestimmt.
870 3740 934 3748 —-
965 3710 1111 3763 huuc
1135 3709 1367 3780 oportet]

251 3779 362 3836 Das
396 3781 719 3836 Verbaltnis
748 3780 845 3835 des
877 3779 1146 3846 Quastors
1173 3780 1231 3833 in
1269 3780 1369 3833 der

252 3850 490 3907 Provinz
528 3868 655 3904 zum
683 3851 884 3906 Prator
917 3850 1038 3920 galt
1072 3864 1218 3904 more
1252 3866 1366 3904 ma-

253 3922 431 3978 iorum
506 3922 588 3976 als
663 3920 755 3975 ein
819 3919 1364 3975 Pietatsverhaltnis.

248 3990 361 4048 Cic.
400 3992 524 4047 Div.
564 3993 624 4045 in
653 3992 812 4047 Caec.
845 3997 926 4047 19.
959 3997 1052 4045 61:
1092 3989 1188 4046 Sic
1223 3993 1366 4045 enim

254 4080 288 4117 a
313 4064 618 4119 maioribus
644 4064 847 4118 nostris
864 4063 1187 4131 accepimus,
1207 4079 1369 4131 prae-

254 4138 415 4189 torem
470 4135 744 4203 quaestori
795 4150 895 4189 suo
949 4135 1203 4203 parentis
1258 4134 1371 4189 loco

256 4221 359 4259 esse
414 4210 670 4274 oportere.
762 4205 915 4260 Fam.
972 4203 1117 4258 XIII.
1181 4209 1261 4259 10.
1312 4211 1368 4257 1:

255 4290 397 4331 more
431 4277 722 4342 maiorum,
757 4278 856 4345 qui
879 4277 1023 4331 haue
1048 4280 1370 4344 quaesturae

258 4348 686 4401 coniumctiouem
741 4348 1029 4401 liberorum
1083 4348 1368 4402 necessitu-

256 4417 376 4472 dini
445 4419 761 4487 proximam
832 4418 1007 4472 voluit
1068 4432 1190 4472 esse.
1292 4415 1368 4470 Er

1477 2575 2064 2645 vinzialverwaltung‚
2129 2577 2298 2630 nahm
2365 2576 2457 2631 die
2522 2594 2596 2632 an

1477 2645 1631 2701 diese
1669 2663 1739 2699 zu
1777 2645 2088 2700 zahlenden
2116 2644 2320 2701 Gelder
2348 2662 2448 2702 aus
2486 2649 2596 2704 den

1476 2716 1752 2785 Abgaben
1797 2717 1896 2771 der
1933 2716 2167 2771 Provinz
2215 2716 2304 2772 ein
2352 2719 2464 2772 und
2501 2719 2595 2773 be-

1477 2786 1635 2841 stritt
1679 2787 1787 2841 den
1823 2787 2127 2843 Unterhalt
2171 2788 2271 2843 der
2305 2788 2593 2846 Beamten.

1475 2890 1540 2896 —
1572 2876 1678 2927 per
1710 2859 1790 2930 se]
1827 2860 1927 2926 fu‘r
1960 2860 2105 2926 sich,
2142 2860 2287 2913 ohne
2325 2860 2447 2915 eine
2485 2877 2597 2916 von

1474 2929 1563 2983 dir
1616 2929 1788 2985 ihnen
1844 2931 2203 2986 fiberlassene
2251 2929 2474 2985 Gewalt
2527 2951 2596 2987 zu

1472 2999 1903 3055 missbrauchen.
1970 3033 2038 3041 —-
2110 3002 2172 3055 hi
2238 3003 2432 3074 mores]
2507 3005 2598 3058 die

1463 3071 1702 3142 ffetziqen
1730 3072 1925 3138 Sitten,
1961 3072 2068 3127 wie
2093 3073 2227 3128 haec
2252 3075 2385 3129 urbs
2422 3072 2594 3142 diese,

1472 3143 1563 3197 die
1603 3143 1817 3212 hiesige
1857 3144 2044 3211 stadt,
2097 3144 2157 3196 in
2203 3144 2302 3197 der
2346 3144 2441 3198 ich
2479 3145 2595 3212 bin,

1472 3215 1605 3269 haee
1665 3215 1886 3282 ‘neyotia
1946 3215 2039 3268 die
2094 3214 2349 3284 hiesigen
2406 3215 2594 3284 Ange-

1476 3285 1858 3354 legenheiten‚
1905 3290 1935 3350 ξ
1974 3291 2044 3339 34
2089 3285 2189 3341 hoe
2233 3287 2460 3353 imperio
2506 3287 2597 3340 fiir

1475 3356 1611 3424 imp.
1653 3357 1811 3412 Rom.
1852 3388 1918 3395 —
1957 3356 2332 3425 ambitionem]
2372 3357 2597 3412 ambitio

1475 3425 1806 3481 bezeichnet
1841 3427 1965 3481 hier
2003 3426 2094 3480 die
2124 3427 2473 3494 Bewerbung
2499 3444 2595 3480 um

1478 3497 1569 3551 die
1621 3497 1802 3552 Gunst
1852 3498 1952 3552 der
1996 3498 2453 3565 Untergebenen‚
2499 3514 2595 3550 um

1477 3584 1590 3622 von
1655 3569 1836 3622 dieser
1900 3568 2051 3623 Seite
2116 3566 2301 3622 sicher
2356 3585 2424 3621 zu
2477 3567 2596 3621 sein

1479 3664 1548 3683 =
1584 3638 2029 3706 Parteilichkeit,
2068 3638 2393 3694 Nachsicht.
2468 3638 2596 3693 Wie

1481 3709 1592 3763 viel
1627 3710 2020 3778 nachgesehen
2056 3710 2270 3774 warde,
2319 3708 2468 3777 zeigt
2504 3708 2596 3763 die

1479 3780 1621 3833 eben
1675 3778 2051 3849 geschilderte
2106 3781 2297 3848 (ferres
2351 3782 2595 3847 eatenus)

1473 3848 1591 3902 und
1662 3851 2018 3919 empfohlene
2082 3849 2292 3904 Praxis.
2358 3879 2426 3889 —
2491 3849 2594 3904 Die

1474 3922 1691 3975 comites
1741 3951 1813 3960 —
1860 3927 2034 3990 neyot.
2120 3921 2401 3990 (Legaten
2482 3921 2595 3975 und

1479 3988 1741 4058 Quffitor)
1787 3990 1979 4045 bilden
2026 3992 2136 4045 den
2177 3991 2489 4059 Gegensatz
2528 4011 2596 4046 zu

1479 4061 1589 4115 den
1626 4067 1657 4125 ἓ
1697 4067 1761 4114 12
1801 4061 2147 4116 Genannten.

1550 4131 1644 4185 IV.
1724 4132 1849 4186 Das
1914 4132 2224 4198 Ver-hatten,
2264 4149 2427 4202 qeyen
2490 4136 2595 4189 das

1482 4202 1716 4272 Gefolye.

1550 4279 1634 4327 12.
1674 4275 2102 4329 convictionibus
2127 4305 2200 4314 -
2226 4276 2450 4347 apparu]
2480 4277 2592 4330 Ab·

1477 4344 1691 4399 stracta
1744 4344 1837 4399 fiir
1891 4344 2192 4414 Commta,
2252 4347 2440 4401 indem
2497 4347 2594 4401 der

1477 4414 1724 4471 Zustand
1771 4417 1885 4470 und
1929 4415 2017 4471 die
2056 4417 2460 4473 Wirksamkeit
2496 4417 2594 4470 der
