3000 4917
508 254 638 318 154
729 286 745 311 x
1340 255 1474 311 LIB.
1513 255 1608 310 III.
1675 255 1895 311 EPIST.
1935 263 2017 313 11.

505 417 775 483 Utinam
823 439 900 483 ea
944 418 1205 483 fortuna
1249 418 1342 481 rei
1387 418 1684 501 publicae
1732 419 1836 504 sit,
1881 425 1956 485 ut
2000 420 2110 484 ille
2155 443 2259 485 me
2304 443 2503 486 unum
2549 422 2809 507 gratissi·

504 529 678 571 mum
724 508 936 590 possit
983 508 1399 590 cognoscere!

430 597 474 663 2
681 593 807 660 Sed
859 596 1021 660 haec
1073 596 1405 661 hactenus,
1505 594 1598 658 Te
1655 595 1736 660 ad
1800 617 1990 661 cenas
2055 598 2221 662 itare
2275 597 2516 663 desisse
2571 600 2810 664 moleste

500 683 671 768 fero;
718 705 954 769 magna
991 686 1162 750 enim
1200 689 1266 749 te
1304 684 1729 749 delectatione
1767 688 1833 748 et
1868 686 2202 768 voluptate
2230 687 2526 770 privasti.
2586 687 2808 753 Deinde

502 774 697 837 etiam
752 794 975 839 vereor
1034 810 1111 821 —
1170 774 1324 839 licet
1379 773 1549 837 enim
1603 795 1826 838 verum
1883 773 2091 838 dicere
2138 810 2242 855 —,
2293 797 2376 840 ne
2420 778 2636 842 nescio
2680 777 2811 861 quid

498 862 687 946 illud,
750 863 922 964 quod
987 863 1270 946 solebaS,
1335 862 1624 926 dediscas
1690 865 1757 926 et
1811 862 2224 948 obliviscare,
2287 866 2549 930 cenulas
2613 866 2810 930 facere.

497 948 670 1014 Nam
724 952 781 1015 si
824 954 993 1035 tum,
1048 973 1192 1016 cum
1237 950 1526 1015 habebas
1575 972 1738 1033 quos
1783 951 2136 1036 imitarere,
2190 974 2325 1018 non
2372 955 2647 1019 multum
2687 977 2812 1039 pro-

494 1040 778 1123 ficiebaS,
826 1039 979 1123 quid
1013 1061 1187 1104 nunc
1223 1043 1288 1103 te
1324 1038 1647 1104 facturum
1684 1039 1949 1123 putem?
2015 1039 2342 1126 Spurinna
2380 1043 2653 1126 quidem,
2688 1065 2811 1108 cuni

496 1129 558 1193 ei
601 1150 738 1193 rem
786 1127 1330 1193 demonstrassem
1378 1134 1445 1192 et
1485 1127 1687 1192 vitam
1724 1132 1906 1193 tuam
1944 1131 2343 1214 superiorem
2381 1132 2808 1234 exposuissem,

495 1237 804 1301 magnum
859 1218 1217 1300 periculum
1271 1238 1560 1281 summae
1615 1216 1707 1280 rei
1776 1217 2071 1301 publicae
2135 1219 2648 1305 demonstrabat,
2707 1222 2811 1284 nisi

497 1306 577 1369 ad
624 1305 1020 1389 superiorem
1068 1304 1601 1370 consuetudinem
1635 1308 1796 1390 tum,
1845 1328 1986 1371 cum
2024 1306 2347 1372 Favonius
2385 1309 2590 1392 flaret,
2632 1330 2810 1374 rever-

493 1395 714 1478 tisses3
768 1394 894 1459 hoc
945 1398 1239 1478 tempore
1293 1394 1449 1458 ferri
1505 1415 1720 1478 posse,
1775 1395 1831 1459 si
1885 1394 2053 1460 forte
2109 1402 2182 1460 tu
2236 1397 2446 1482 frigus
2494 1398 2660 1463 ferre
2701 1419 2810 1462 non

431 1487 741 1567 3posses.
806 1481 933 1548 Sed
969 1483 1351 1567 mehercule,
1397 1484 1489 1547 mi
1526 1482 1744 1566 Paete,
1790 1487 1971 1548 extra
2015 1485 2228 1549 iocum
2265 1508 2500 1551 moneo
2547 1493 2631 1571 te,
2666 1485 2810 1588 quod

494 1572 816 1673 pertinere
863 1572 945 1636 ad
989 1573 1180 1636 beate
1226 1572 1572 1637 vivendum
1619 1572 1916 1656 arbitror,
1965 1576 2041 1637 ut
2085 1595 2232 1638 cum
2275 1575 2433 1639 viris
2482 1577 2695 1658 bonis,
2734 1575 2810 1639 iu-

492 1661 764 1745 cundiS,
802 1662 1172 1726 amantibus
1230 1660 1330 1727 tui
1384 1661 1592 1724 vivas:
1646 1660 1812 1725 nihil
1869 1664 1969 1725 est
2025 1662 2242 1746 aptius
2289 1664 2487 1747 vitae,
2545 1664 2707 1728 nihil
2747 1662 2812 1727 ad

491 1751 679 1815 beate
716 1749 1061 1815 vivendum
1099 1749 1664 1815 accommodatius.
1737 1747 1875 1814 Nec
1919 1750 1988 1815 id
2035 1750 2117 1815 ad
2164 1752 2567 1853 voluptatem
2613 1753 2810 1834 refer0‚

491 1839 604 1903 sed
651 1838 730 1903 ad
777 1840 1310 1903 communitatem
1356 1838 1531 1902 vitae
1579 1842 1772 1922 atque
1816 1839 2026 1904 victus
2081 1841 2660 1943 remissionemque
2701 1840 2811 1906 ani-

488 1950 767 2011 morum,
823 1949 986 2011 quae
1041 1928 1319 1992 maxime
1374 1948 1669 1992 sermone
1724 1926 2003 1992 efficitur
2056 1928 2392 2009 familiari,
2451 1931 2563 2014 qui
2620 1935 2713 1996 est
2755 1930 2810 1993 ιιι

490 2017 801 2081 conviviis
858 2016 1298 2099 dulcissimus,
1366 2020 1441 2080 ut
1495 2016 1854 2100 sapientius
1910 2017 2123 2082 nostri
2177 2040 2369 2102 quam
2427 2017 2683 2085 Graeci:
2730 2018 2810 2082 illi

488 2102 825 2187 συμπόσια
882 2108 994 2169 aut
1049 2102 1449 2187 σύνδειπνα,
1504 2104 1572 2168 id
1628 2110 1729 2170 est
1784 2106 2299 2190 compotationes
2356 2112 2473 2172 aut
2533 2128 2809 2174 concena-

487 2192 729 2278 tiones,
782 2216 905 2259 nos
961 2195 1346 2278 convivia,
1403 2193 1574 2278 quod
1619 2197 1763 2257 tum
1808 2196 2084 2259 maxime
2131 2197 2325 2260 simul
2369 2196 2633 2264 vivitur.
2714 2196 2807 2261 Vi-

396 2315 402 2321 ·
487 2282 599 2346 des
609 2332 627 2366 ,
683 2289 759 2347 ut
814 2286 880 2347 te
926 2282 1444 2368 philosophando
1492 2304 1793 2347 revocare
1839 2305 2031 2348 coner
2077 2284 2157 2348 ad
2203 2306 2415 2350 cenas.
2511 2286 2701 2368 Oura,
2750 2286 2809 2347 ut

413 2377 458 2437 4
486 2372 730 2456 valeas3
790 2372 858 2436 id
911 2373 1074 2438 foris
1130 2372 1472 2437 cenitando
1521 2371 1829 2435 facillime
1875 2394 2282 2456 consequere.
2373 2371 2502 2439 Sed
2548 2396 2716 2455 cave,
2764 2372 2807 2437 si

485 2482 589 2525 me
626 2482 827 2540 amaS,
865 2462 1194 2526 existimes
1234 2484 1353 2545 me,
1401 2460 1571 2546 quod
1606 2460 1887 2525 iocosius
1927 2461 2224 2546 scribam,
2263 2462 2577 2529 abiecisse
2612 2483 2804 2530 curam

483 2550 579 2612 rei
624 2550 938 2632 publicae.
1031 2549 1135 2616 Sic
1182 2551 1329 2633 tibi,
1375 2551 1468 2615 mi
1515 2549 1731 2633 Paete,
1780 2549 2116 2634 persuade,
2161 2573 2264 2616 me
2312 2551 2450 2616 dies
2499 2557 2572 2617 et
2606 2556 2802 2617 noctes

482 2638 648 2702 nihil
704 2638 880 2704 aliud
938 2660 1156 2725 agere,
1208 2640 1373 2703 nihil
1420 2660 1669 2721 curare,
1724 2639 1852 2702 nisi
1897 2642 1972 2703 ut
2019 2639 2146 2703 mei
2192 2640 2360 2705 cives
2410 2642 2574 2707 salvi
2620 2638 2806 2706 liberi-

483 2748 605 2810 que
653 2727 804 2792 sint.
893 2727 1160 2793 Nullum
1215 2729 1426 2792 locum
1472 2728 1921 2812 praetermitto
1972 2728 2301 2812 monendi,
2357 2730 2619 2815 agendi,
2680 2748 2805 2813 pro-

481 2815 766 2900 videndi3
810 2816 935 2881 hoc
982 2816 1253 2901 denique
1301 2818 1518 2882 animo
1567 2838 1727 2901 sum,
1771 2821 1863 2901 ut,
1909 2817 1967 2880 si
2010 2817 2078 2882 in
2123 2817 2244 2882 hac
2289 2839 2444 2882 cura
2492 2824 2680 2904 atque
2714 2815 2802 2881 ad·

481 2904 958 2969 ministratione
1011 2905 1150 2970 vita
1208 2906 1368 2969 mihi
1415 2905 1715 2988 ponenda
1761 2906 1874 2988 sit,
1932 2906 2262 2988 praeclare
2307 2911 2527 2972 actum
2570 2926 2799 2972 mecum

479 2999 718 3075 putem.
810 2992 1034 3058 Etiam
1082 2999 1274 3077 atque
1323 2996 1518 3059 etiam
1563 2993 1727 3058 vale.

478 3183 556 3235 im
611 3183 764 3238 alten
819 3183 1241 3242 Volskerlande.
1300 3217 1367 3226 —
1423 3203 1598 3240 wnum
1705 3199 1797 3237 am
1847 3190 1927 3239 10
1967 3185 2214 3240 Februar
2259 3204 2328 3239 zu
2372 3189 2585 3243 wehen.
2623 3218 2686 3228 —
2718 3186 2801 3239 hoc

474 3255 645 3326 βαι]
687 3254 813 3325 Vgl.
854 3273 900 3310 z.
938 3255 1006 3309 H.
1046 3261 1132 3312 28.
1174 3262 1256 3310 15.
1704 3257 1958 3327 tempore]
2003 3256 2056 3310 d.
2093 3255 2129 3311 i.
2168 3256 2248 3310 im
2284 3256 2510 3313 Winter
2557 3265 2715 3339 moge
2754 3269 2802 3308 es

548 3331 597 3381 2.
668 3326 741 3381 Te
792 3369 805 3382 .
861 3370 873 3382 .
925 3327 1146 3398 desisse]
1220 3326 1391 3381 P'atus
1454 3326 1596 3382 hielt
1702 3325 1850 3381 noch
1892 3327 2175 3397 angehen‚
2223 3344 2385 3383 wenn
2424 3329 2500 3383 du
2538 3326 2801 3385 vielleicht

477 3395 600 3452 sich
656 3398 775 3452 also
829 3413 941 3453 von
996 3397 1147 3452 allen
1199 3397 1596 3453 Gastmahlern
1703 3397 1795 3451 die
1862 3398 2028 3452 Kalte
2095 3397 2244 3453 heim
2303 3397 2799 3470 Nachhausegehen

474 3468 597 3522 fem
634 3469 748 3523 und
783 3468 935 3524 lebte
972 3467 1063 3522 fi'ir
1100 3469 1246 3536 sich,
1290 3467 1468 3522 worin
1507 3467 1594 3523 Oi·
1700 3469 1862 3523 nicht
1896 3470 2195 3539 verti-agen
2232 3469 2518 3526 konntest.

474 3554 602 3593 cero
651 3540 1014 3595 scherzweise
1070 3541 1193 3595 eine
1241 3538 1453 3594 Gefahr
1506 3541 1596 3594 fi'ir
1772 3546 1823 3594 3
1868 3541 2220 3611 voluptatem]
2272 3557 2345 3596 sc.
2393 3543 2661 3612 corporis,
2713 3541 2797 3594 das

475 3609 584 3663 den
614 3608 779 3664 Staat
815 3610 1073 3665 erblickt.
1112 3643 1179 3652 -
1215 3612 1396 3666 ‘nescio
1432 3613 1568 3680 quid
1701 3609 1975 3665 sinnliche
2037 3609 2392 3681 Vergni’igen.
2454 3644 2520 3654 —
2576 3612 2681 3682 illi]
2733 3625 2797 3663 sc.

472 3699 515 3736 s.
554 3699 597 3734 z.
632 3680 701 3735 11.
742 3687 826 3737 28.
868 3689 951 3737 13.
1000 3715 1067 3722 -
1112 3700 1246 3752 quos
1290 3683 1568 3737 imitarere
1702 3681 1917 3736 Graeci.
1998 3681 2113 3735 Das
2168 3680 2440 3738 Pradikat
2493 3685 2571 3738 ist
2621 3700 2685 3736 zu
2726 3697 2793 3734 cr·

475 3751 629 3808 ‘vivo
664 3749 918 3820 Caesare,
966 3771 1093 3808 cum
1130 3754 1347 3808 Hirtius
1387 3755 1445 3807 et
1481 3754 1592 3808 Do·
1699 3755 1931 3836 ganzen.
1980 3783 2047 3792 —
2095 3752 2223 3822 Vgl.
2264 3754 2333 3808 de
2372 3771 2487 3809 sen.
2527 3762 2619 3810 45:
2667 3753 2798 3807 Bene

469 3823 681 3879 labella
716 3841 882 3878 cenas
911 3825 1127 3879 darent.
1134 3826 1149 3851 ’
1199 3824 1413 3879 Manut.
1461 3823 1590 3895 Vgl.
1698 3825 1932 3879 maiores
1962 3825 2354 3879 accubitionem
2381 3828 2653 3894 epularem
2679 3821 2795 3878 ami-

470 3895 619 3950 obon
637 3914 681 3951 z.
698 3895 793 3950 111.
816 3900 865 3950 8.
883 3901 933 3951 2.
958 3927 1022 3936 -
1042 3895 1589 3978 mamultamprofi]
1698 3911 1914 3963 corum,
1988 3897 2123 3965 qaia
2185 3897 2329 3950 vitae
2391 3897 2794 3951 coniunctionem

468 3968 603 4034 quia
649 3966 877 4022 illorum
916 3984 1085 4022 cenae
1122 3966 1411 4037 copiosae,
1456 3970 1590 4021 tuae
1696 3967 1938 4035 haberet,
2002 3967 2383 4021 convivium
2442 3967 2793 4027 nominarunt,

470 4040 782 4104 pertenues.
822 4069 889 4078 —
927 4037 973 4092 S
963 4039 1242 4110 purimza]
1287 4036 1589 4093 Vestricius
1697 4038 1888 4091 melius
1933 4054 2098 4107 quam
2139 4036 2368 4106 Graeci,
2415 4040 2513 4108 qui
2546 4039 2641 4092 hoc
2672 4035 2793 4088 idem

471 4105 765 4176 Spurinna,
795 4110 895 4162 dci·
911 4108 1207 4164 beruhmte
1232 4109 1589 4177 Wahssager,
1697 4115 1814 4162 tum
1885 4111 2439 4176 compotationem
2499 4115 2611 4165 tum
2667 4120 2791 4161 con·

471 4177 569 4231 der
615 4179 784 4233 Casar
833 4195 934 4233 vor
984 4180 1113 4234 dem
1162 4187 1244 4234 15.
1292 4180 1446 4233 Marz
1492 4197 1588 4248 ge·
1697 4182 2114 4234 cenationem
2148 4186 2359 4234 vocant.

469 4251 663 4302 warnt.
693 4280 760 4289 —
788 4249 1083 4305 Favonius
1108 4252 1290 4323 flaret]
1321 4252 1591 4306 Derselbe
1768 4257 1819 4303 4.
1856 4252 1973 4304 vita
2000 4251 2264 4319 ponenda
2299 4250 2397 4322 sit]
2446 4268 2559 4306 was
2596 4246 2790 4314 wenige

468 4316 705 4387 beginnt
748 4320 894 4374 nach
943 4321 1087 4376 Ovid
1136 4322 1316 4392 (Fasti
1353 4322 1420 4376 ΙΙ.
1464 4324 1587 4391 149)
1698 4320 1924 4376 Monate
1962 4320 2210 4375 nachher
2246 4322 2511 4392 geschah.
