3000 4917
389 210 519 275 132
1238 211 1372 267 ΜΒ.
1408 212 1480 268 Π.
1543 211 1766 269 EPIST.
1801 219 1888 268 28.

388 373 576 438 laude
632 377 700 438 et
755 373 1156 439 sermonibus
1212 375 1419 459 vulgi,
1474 396 1598 461 ego
1654 376 1945 460 profecto
2000 376 2057 440 is
2115 397 2274 439 sum.
2367 374 2580 439 Testis
2631 379 2736 440 est

388 464 762 528 consulatus
819 484 1027 547 meus,
1080 464 1150 527 in
1195 485 1348 548 qu0,
1406 464 1575 529 sicut
1619 464 1689 528 in
1735 466 1983 549 reliqua
2029 465 2191 545 vita,
2251 465 2458 529 fateor
2507 486 2583 529 ea
2627 486 2736 528 me

389 552 673 616 studiose
730 554 1048 635 secutum,
1104 574 1181 616 ex
1236 553 1468 638 quibus
1525 575 1681 618 vera
1740 554 1955 638 gloria
1999 554 2179 618 nasci
2221 556 2476 636 posset,
2519 552 2737 638 ipsam

387 640 644 726 quidem
702 640 983 726 gloriam
1037 663 1153 724 per
1209 662 1277 705 se
1328 663 1661 726 nunquam
1714 643 1943 726 putavi
2003 642 2454 726 expetendam:
2510 643 2735 727 itaque

385 732 455 794 et
498 730 898 814 provinciam
945 734 1242 794 ornatam
1290 736 1355 794 et
1400 753 1583 814 spem
1629 753 1760 797 non
1795 730 2060 796 dubiam
2095 730 2407 815 triumphi
2443 731 2736 816 neglexi3

388 817 819 883 sacerdotium
868 818 1167 904 denique,
1213 841 1387 903 cum,
1442 820 1982 904 quemadmodum
2026 823 2093 884 te
2139 819 2510 885 existimare
2558 820 2736 884 arbi-

386 910 545 990 tror,
582 929 715 971 non
744 906 1133 973 difficillime
1169 908 1477 992 consequi
1513 929 1794 993 possem,
1829 931 1964 974 non
1991 907 2292 993 appetivi.
2356 906 2540 973 Idem
2575 913 2734 994 post

387 996 693 1061 iniuriam
739 999 1095 1081 acceptam,
1152 1019 1347 1081 quam
1392 1000 1465 1061 tu
1510 999 1605 1062 rei
1648 997 1943 1082 publicae
1990 998 2428 1063 calamitatem
2475 1019 2737 1083 semper

388 1086 701 1169 appellas,
756 1107 964 1149 meam
1018 1107 1151 1150 non
1206 1085 1397 1151 modo
1455 1108 1586 1151 non
1643 1087 2108 1169 calamitatem,
2166 1087 2277 1152 sed
2333 1086 2532 1151 etiam
2589 1088 2734 1171 glo-

386 1175 580 1258 riam,
635 1172 853 1238 studui
900 1195 1094 1257 quam
1142 1175 1562 1240 ornatissima
1608 1180 1870 1240 senatus
1927 1176 2276 1261 populique
2321 1174 2604 1240 Romani
2648 1177 2733 1240 de

386 1284 490 1326 me
554 1262 795 1327 iudicia
856 1262 1282 1327 intercedere:
1346 1265 1570 1349 itaque
1635 1268 1701 1330 et
1766 1285 1972 1348 augur
2034 1267 2265 1348 postea
2325 1263 2466 1328 fieri
2530 1265 2735 1349 volui,

387 1350 560 1435 quod
608 1354 798 1415 antea
842 1352 1273 1436 neglexeram,
1320 1356 1386 1416 et
1433 1374 1581 1417 eum
1626 1352 1958 1436 honorem,
2005 1352 2118 1438 qui
2163 1375 2202 1417 a
2249 1357 2476 1417 senatu
2525 1353 2738 1418 tribui

383 1439 577 1503 rebus
627 1439 871 1504 bellicis
919 1439 1108 1524 solet,
1150 1441 1518 1525 neglectum
1568 1464 1608 1506 a
1651 1463 1756 1505 me
1793 1442 1968 1525 olim,
2012 1463 2183 1506 nunc
2230 1441 2391 1506 mihi
2428 1446 2735 1526 expeten-

284 1530 367 1594 14
389 1527 541 1592 dum
577 1531 755 1612 puto,
827 1526 997 1592 Huic
1034 1550 1213 1594 meae
1260 1529 1600 1614 voluntati,
1644 1530 1710 1594 in
1759 1552 1889 1615 qua
1933 1531 2107 1595 inest
2154 1530 2372 1615 aliqua
2417 1531 2515 1595 vis
2566 1530 2732 1595 desi-

384 1615 546 1680 derii
603 1616 686 1681 ad
742 1617 1100 1681 sanandum
1153 1618 1386 1682 vulnus
1441 1618 1745 1697 iniuriae,
1800 1624 1873 1684 ut
1913 1618 2138 1684 faveas
2186 1619 2572 1703 adiutorque
2621 1620 2735 1703 siS,

384 1705 556 1790 quod
600 1706 796 1789 paulo
846 1709 997 1771 ante
1045 1728 1147 1771 me
1194 1729 1506 1792 negaram
1543 1711 1944 1793 rogaturum,
1989 1707 2403 1773 vehementer
2440 1713 2507 1772 te
2544 1729 2734 1792 rogo,

382 1794 494 1859 sed
548 1795 668 1873 ita,
724 1796 780 1860 si
833 1817 964 1860 non
1008 1795 1293 1860 ieiunum
1338 1796 1464 1861 hoc
1508 1797 1727 1861 nescio
1773 1797 1952 1882 quid,
2008 1797 2177 1881 quod
2234 1818 2354 1882 ego
2403 1799 2608 1884 gessi,
2664 1802 2733 1862 et

382 1884 920 1949 contemnendum
965 1884 1318 1967 videbitur,
1365 1886 1474 1949 sed
1523 1886 1657 1950 tale
1704 1889 1896 1969 atque
1942 1889 2218 1969 tantum,
2263 1891 2339 1950 ut
2385 1886 2578 1950 multi
2620 1908 2732 1950 ne-

383 1994 707 2057 quaquam
762 1973 1029 2056 paribus
1084 1973 1277 2037 rebus
1331 1972 1611 2039 honores
1670 1996 1957 2039 summos
2014 1997 2054 2038 a
2108 1978 2338 2039 senatu
2396 1975 2732 2040 consecuti

384 2063 532 2126 sint.
609 2060 933 2145 Equidem
980 2060 1178 2125 etiam
1225 2062 1388 2127 illud
1435 2063 1598 2128 mihi
1644 2064 1932 2127 animum
1978 2062 2332 2127 advertisse
2379 2063 2602 2128 videor
2643 2099 2722 2111 —-

384 2150 512 2213 scis
560 2150 748 2235 enim,
797 2171 991 2233 quam
1038 2154 1283 2215 attente
1328 2156 1394 2216 te
1443 2152 1667 2216 audire
1715 2152 1960 2216 soleam
1999 2188 2102 2236 -,
2147 2155 2213 2215 te
2257 2173 2392 2215 non
2436 2156 2573 2217 tam
2620 2174 2727 2216 res

382 2240 602 2321 gestas
641 2261 832 2323 quam
870 2260 1101 2323 moreS,
1136 2241 1443 2305 instituta
1477 2245 1671 2325 atque
1700 2240 1903 2305 vitam
1929 2241 2398 2324 imperatorum
2428 2244 2726 2325 spectare

382 2327 589 2391 solere
645 2326 715 2392 in
766 2327 1083 2392 habendis
1138 2332 1252 2392 aut
1306 2351 1439 2394 non
1489 2329 1804 2394 habendis
1850 2329 2226 2395 honoribus.
2319 2328 2503 2405 Quod
2552 2331 2608 2393 si
2651 2329 2726 2394 in

381 2438 525 2482 mea
571 2438 766 2481 causa
812 2416 1266 2501 considerabiS,
1317 2418 1597 2502 reperies
1645 2440 1748 2482 me
1795 2420 2078 2484 exercitu
2121 2418 2447 2483 imbecillo
2494 2423 2724 2484 contra

380 2509 625 2569 metum
672 2507 940 2571 maximi
981 2506 1142 2571 belli
1175 2507 1624 2573 firmissimum
1659 2507 2056 2592 praesidium
2092 2506 2398 2571 habuisse
2436 2508 2721 2591 aequita-

379 2598 511 2658 tem
542 2600 608 2659 et
644 2595 1138 2681 continentiam3
1172 2596 1276 2660 his
1315 2618 1435 2682 ego
1476 2596 1781 2661 subsidiis
1823 2618 1899 2661 ea
1936 2618 2080 2661 sum
2118 2598 2518 2679 consecutuS,
2559 2618 2719 2682 quae

378 2684 573 2747 nullis
622 2684 988 2771 legionibus
1036 2687 1341 2769 consequi
1386 2685 1774 2769 potuissem,
1819 2688 1893 2748 ut
1939 2707 2017 2750 ex
2065 2684 2481 2749 alienissimis
2530 2686 2718 2750 sociis

381 2772 831 2855 amicissimos,
879 2795 956 2837 ex
999 2773 1464 2838 infidelissimis
1510 2773 1919 2839 firmissimos
1966 2774 2301 2838 redderem
2347 2774 2719 2859 animosque

379 2882 697 2924 novarum
761 2881 977 2926 rerum
1043 2863 1521 2945 exspectatione
1587 2884 1934 2946 suspensos
2000 2863 2081 2927 ad
2153 2862 2391 2927 veteris
2466 2863 2719 2949 imperii

381 2947 904 3013 benevolentiam
950 2950 1368 3017 traducerem.

379 3173 633 3228 doctrina
675 3173 776 3229 auf
808 3147 899 3229 die
937 3176 1039 3230 auf
1070 3175 1282 3231 diesem
1316 3179 1494 3259 Wege
1605 3178 1788 3234 seiner
1824 3178 2063 3248 eigenen
2089 3178 2472 3249 Verbannung
2506 3180 2600 3234 nie
2626 3197 2721 3250 ge-

379 3244 700 3299 erworbene
735 3244 1010 3300 Kenntnis
1046 3246 1146 3302 hin
1174 3274 1242 3293 ==
1270 3248 1495 3305 wissen-
1603 3249 1858 3305 braucht.
1929 3250 2092 3305 Nach
2132 3250 2455 3308 demselben
2490 3252 2720 3320 glaubte

382 3314 717 3371 schaftliche
753 3316 1014 3388 Bildung.
1045 3349 1112 3358 —
1132 3335 1292 3387 prov.
1330 3337 1494 3376 oma-
1605 3337 1667 3375 er
1719 3321 1818 3374 der
1867 3321 2457 3391 Ehrenbezeugungen
2511 3339 2579 3376 zu
2626 3321 2719 3375 be-

378 3386 518 3458 tam]
562 3387 679 3457 vgl.
726 3388 867 3444 fiber
912 3389 1162 3445 dieselbe
1209 3389 1388 3445 Sache
1436 3393 1497 3446 in
1605 3391 1803 3447 dfirfen
1822 3394 1898 3447 ad
1913 3394 2225 3448 sanandum
2242 3392 2446 3447 vulnus
2457 3394 2715 3448 iniuriae.

377 3457 636 3513 Pisonem
670 3458 738 3514 H.
778 3465 836 3514 5.
876 3476 968 3530 eqo
987 3462 1336 3530 provinciam
1365 3462 1496 3518 Gal·
1680 3468 1763 3516 14.
1801 3464 1878 3518 ad
1909 3464 2059 3535 sam]
2098 3482 2162 3518 zu
2201 3464 2277 3518 ad
2311 3462 2717 3533 vgl.I.20.1.

379 3530 515 3584 liam
548 3536 773 3585 senatus
808 3534 1134 3588 auctontate
1172 3535 1414 3589 ewercitu
1447 3541 1499 3590 et
1605 3534 1671 3587 In
1715 3535 1816 3588 der
1860 3536 2114 3591 volumtas
2157 3534 2273 3605 lieg
2273 3537 2300 3589 t
2335 3535 2427 3589 ein
2462 3536 2568 3604 gut
2601 3533 2722 3588 Teil

369 3603 614 3669 pecunia
648 3603 973 3658 instructam
1010 3608 1062 3659 et
1097 3610 1405 3660 ornatam
1431 3608 1497 3660 in
1607 3603 1964 3659 Sehnsucht
1947 3622 2007 3659 ιιι
2026 3606 2214 3674 Bezug
2231 3606 2399 3661 auf..
2418 3604 2678 3661 .‘Auch
2661 3622 2720 3659 ιιι

379 3674 627 3727 contione
653 3675 895 3742 deposui.
944 3672 1135 3729 Cicero
1153 3675 1495 3732 verzichtete
1604 3676 1732 3731 dem
1777 3676 2008 3731 zweiten
2064 3675 2155 3730 Br.
2207 3694 2281 3731 an
2327 3646 2464 3731 Cato
2516 3679 2582 3747 (s.
2629 3675 2718 3732 Br.

377 3745 568 3798 zuerst
610 3761 678 3797 zu
722 3743 972 3799 Gunsten
1017 3746 1198 3801 seines
1233 3748 1496 3817 Amtsge-
1604 3753 1690 3802 30.
1719 3749 1775 3817 2)
1805 3748 2045 3803 braucht
2068 3747 2259 3803 Cicero
2288 3764 2400 3802 von
2428 3747 2721 3803 derselben

378 3831 581 3870 nossen
606 3815 688 3869 im
712 3815 992 3871 Konsulat
1019 3818 1121 3871 auf
1140 3818 1230 3872 die
1258 3817 1377 3872 ihm
1404 3838 1494 3873 zu·
1606 3819 1783 3873 Sache
1822 3817 1924 3873 das
1960 3819 2127 3874 Wort
2159 3819 2415 3875 voluntas
2449 3820 2558 3873 mit
2593 3819 2719 3873 dem

379 3887 656 3954 gesallene
709 3886 895 3942 reiche
950 3887 1186 3943 Provinz
1235 3890 1494 3944 Macedo·
1603 3888 1859 3945 Znsatze·
1896 3906 2011 3945 non
2045 3891 2190 3945 enim
2224 3891 2404 3945 dicam
2442 3891 2719 3959 cupidita-

377 3957 511 4012 nien
559 3958 674 4012 und
712 3958 903 4027 spater
939 3958 1086 4014 auch
1120 3960 1219 4015 auf
1254 3959 1492 4016 Gallien.
1602 3962 1691 4016 tie.
1737 3991 1805 4000 —
1846 3962 2020 4029 paulo
2065 3960 2213 4031 ante]
2263 3960 2408 4016 oben
2446 3966 2476 4026 ς
2515 3967 2599 4015 11.
2651 3991 2720 4001 -

379 4056 448 4068 -
493 4030 857 4084 sacerdotium
930 4031 1032 4085 das
1068 4029 1339 4099 Augurat.
1421 4032 1497 4086 Er
1601 4033 1696 4087 sed
1738 4033 1846 4102 ita]
1894 4050 1929 4086 v
1933 4032 2008 4101 gL
2048 4049 2114 4086 zu
2150 4032 2192 4085 Ι.
2231 4038 2316 4087 24.
2356 4038 2406 4085 3.
2445 4061 2513 4072 —
2549 4033 2665 4087 in.
2705 4076 2718 4088 .

379 4096 636 4167 erlangte
674 4100 766 4155 die
878 4101 1015 4156 fir-de
1052 4118 1199 4156 zwar
1235 4103 1392 4156 erst
1375 4122 1410 4157 1.
1443 4102 1494 4159 J.
1601 4049 1972 4173 ἢοφιονιῑῖιιιιι]8
1954 4119 2118 4156 wenn
2144 4103 2223 4156 im
2245 4103 2450 4157 Senate
2479 4103 2721 4157 dartiber

380 4173 466 4235 53,
496 4169 656 4224 hatte
684 4170 808 4225 sich
833 4170 1110 4240 indessen,
1147 4190 1263 4228 was
1292 4190 1353 4227 er
1372 4174 1497 4229 hier
1600 4173 1936 4228 verhandelt
1953 4173 2161 4228 wurde.
2183 4204 2248 4215 —
2269 4174 2512 4246 imperii]
2536 4174 2717 4229 Genit.

379 4238 775 4311 verschweigt‚
832 4242 1007 4298 sehon
1057 4242 1248 4299 frtiher
1298 4243 1495 4300 darum
1603 4243 1803 4313 object.
1843 4246 1942 4315 (vg
1941 4244 1979 4302 1.
2017 4245 2059 4301 Ι.
2102 4251 2184 4300 18.
2226 4247 2316 4315 25)
2353 4246 2442 4300 ffir
2477 4248 2586 4300 den
2625 4263 2719 4315 ge-

378 4307 730 4364 bemfiht.—
662 4313 1051 4385 —iniuriam]
1091 4315 1192 4370 das
1219 4314 1363 4384 Exil,
1403 4317 1495 4371 ein
1601 4316 1806 4372 wohnl.
1852 4263 2545 4387 Prapositionalausdruck
2601 4318 2717 4373 ben.

377 4378 559 4447 Wort,
599 4379 837 4435 welches
875 4400 937 4438 er
971 4403 1067 4438 zur
1100 4358 1494 4457 Bezeichnung
1599 4404 1731 4459 crya
1766 4388 1902 4445 oder
1934 4389 2000 4443 in
2035 4389 2205 4460 aliqu.
