3000 4917
842 259 1001 315 DEC.
1040 259 1290 315 IUNIUS
1327 259 1619 316 BRUTUS
1657 260 1986 318 ALBINUS.

2454 260 2582 324 217

242 444 343 487 me
399 443 548 487 cum
603 424 697 487 rei
751 424 1044 507 publicae
1103 444 1319 504 causa,
1379 446 1541 507 quae
1596 424 1759 488 mihi
1815 424 1951 488 vita
2006 446 2150 489 mea
2207 427 2305 489 est
2359 425 2587 505 carior,

236 515 376 576 tum
445 512 619 596 quod
678 512 802 576 tibi
865 513 994 597 ipsi
1057 512 1312 577 faveam
1374 519 1681 596 tuamque
1749 513 2138 597 dignitatem
2204 514 2587 597 amplificari

234 601 461 684 velim,
517 601 648 665 tuis
704 600 972 685 optimis
1029 601 1349 684 consiliiS,
1406 601 1849 685 amplitudini,
1905 601 2155 686 gloriae
2211 603 2391 668 nullo
2439 602 2584 668 loco

238 688 629 754 defuturum.

1165 831 1520 898 EPISTULA
1576 831 1664 900 II.

1167 954 1280 1022 (Ad
1306 953 1440 1008 fam.
1468 952 1562 1008 XI.
1594 954 1669 1022 6.)

601 1075 676 1131 M.
716 1075 976 1132 CICERO
1019 1075 1073 1130 S.
1112 1076 1177 1131 D.
1218 1078 1284 1133 D.
1325 1077 1571 1133 BRUTO
1610 1076 1756 1134 IMP.
1797 1076 1946 1132 COS.
1985 1074 2216 1132 DESIG.

420 1201 639 1287 Lupus
701 1207 927 1268 noster
989 1226 1135 1268 cum
1198 1203 1477 1269 Romam
1545 1207 1727 1269 sexto
1795 1203 1896 1267 die
1959 1203 2220 1269 Mutina
2283 1202 2586 1286 venisset,
2609 1207 2640 1270 1

236 1291 554 1376 postridie
600 1313 702 1356 me
749 1315 940 1356 mane
987 1294 1313 1358 convenit:
1360 1296 1475 1358 tua
1521 1294 1685 1358 mihi
1731 1293 2043 1359 mandata
2087 1291 2585 1377 diligentissime

237 1379 540 1464 exposuit
576 1386 642 1445 et
676 1381 929 1445 litteras
969 1381 1263 1446 reddidit.
1337 1382 1526 1459 Quod
1563 1382 1724 1446 mihi
1762 1386 1942 1446 tuam
1992 1381 2375 1467 dignitatem
2413 1403 2581 1446 com-

236 1469 536 1552 mendaS,
601 1469 824 1534 eodem
879 1475 1172 1555 tempore
1228 1470 1525 1535 existimo
1580 1474 1646 1534 te
1701 1471 1864 1534 mihi
1923 1492 2134 1535 meam
2200 1471 2582 1555 dignitatem

238 1557 706 1640 commendare,
755 1581 949 1642 quam
997 1559 1359 1623 mehercule
1404 1581 1541 1624 non
1585 1559 1795 1624 habeo
1837 1563 1951 1624 tua
1997 1560 2339 1624 cariorem:
2386 1580 2582 1644 quare

236 1646 402 1711 mihi
450 1648 896 1732 gratissimum
942 1648 1169 1732 facies,
1225 1648 1282 1712 si
1332 1649 1739 1731 exploratum
1784 1647 2055 1713 habebis
2103 1649 2235 1712 tuis
2281 1648 2581 1711 laudibus

235 1735 419 1799 nullo
466 1738 610 1800 loco
657 1757 775 1800 nec
821 1737 1160 1801 consilium
1207 1758 1324 1801 nec
1371 1737 1657 1801 studium
1704 1758 1917 1800 meum
1958 1737 2344 1801 defuturum.
2420 1734 2642 1801 0111112

234 1825 483 1888 tribuni
545 1825 633 1908 pl.
698 1825 1075 1909 edixissent,
1140 1830 1406 1890 senatus
1472 1826 1728 1890 adesset
1792 1848 1847 1889 a.
1909 1825 1966 1889 d.
2021 1843 2169 1889 XIII.
2224 1822 2368 1889 Kal.
2424 1823 2581 1901 Ian„

233 1913 677 1999 haberentque
743 1914 809 1978 in
880 1915 1097 1979 animo
1163 1914 1240 1978 de
1304 1914 1627 1999 praesidio
1695 1914 2033 1979 consulum
2097 1914 2582 1998 designatorum

235 2001 501 2086 referre,
559 2024 948 2087 quamquam
1005 2005 1359 2067 statueram
1416 2005 1482 2068 in
1534 2008 1833 2069 senatum
1882 2006 2031 2067 ante
2078 2002 2221 2066 Kal.
2268 2001 2405 2068 Ian.
2449 2023 2584 2065 non

234 2091 475 2175 venIre,
510 2095 750 2175 tamen,
789 2113 932 2156 cum
973 2113 1046 2155 eo
1087 2092 1188 2156 die
1225 2093 1368 2178 ipso
1404 2093 1685 2158 edictum
1721 2098 1908 2157 tuum
1945 2092 2355 2176 propositum
2393 2094 2581 2173 esset,

234 2179 423 2244 nefas
471 2202 610 2244 esse
657 2180 807 2244 duxi
855 2184 968 2245 aut
1012 2182 1105 2245 ita
1148 2180 1375 2245 haberi
1421 2185 1744 2266 senatum,
1800 2186 1874 2245 ut
1929 2180 2007 2244 de
2054 2180 2184 2245 tuis
2233 2179 2465 2245 divinis
2513 2180 2583 2242 in

233 2290 372 2332 rem
421 2269 747 2352 publicam
792 2270 1043 2334 meritis
1092 2271 1388 2335 sileretur
1427 2306 1505 2318 --
1550 2270 1720 2354 quod
1766 2270 2012 2334 factum
2056 2272 2244 2353 esset,
2288 2269 2416 2332 nisi
2461 2289 2581 2353 ego

238 2357 562 2422 venissem
596 2394 696 2440 —‚
742 2362 872 2442 aut,
912 2359 1105 2423 etiam
1154 2360 1212 2423 si
1258 2359 1410 2442 quid
1458 2358 1535 2422 de
1581 2363 1648 2423 te
1693 2358 2048 2423 honorifice
2096 2357 2433 2440 diceretur,
2479 2377 2580 2419 me

235 2468 371 2510 non
430 2447 673 2511 adesse.
763 2447 991 2530 Itaque
1045 2449 1116 2511 in
1171 2452 1467 2512 senatum
1520 2449 1668 2511 veni
1722 2468 1938 2530 mane3
1999 2445 2169 2530 quod
2217 2467 2362 2510 cum
2408 2447 2640 2511 esset3

237 2535 779 2616 animadversum,
822 2535 1331 2619 frequentissimi
1377 2539 1710 2601 senatores
1758 2538 2206 2600 convenerunt.
2282 2533 2461 2610 Quae
2505 2533 2581 2596 de

236 2628 306 2687 te
342 2625 411 2688 in
449 2628 680 2689 senatu
719 2627 979 2710 egerim,
1018 2647 1179 2709 quae
1216 2626 1283 2690 in
1322 2626 1622 2690 contione
1660 2625 1944 2688 maxima
1982 2623 2269 2705 dixerim,
2308 2622 2583 2685 aliorum

308 2798 490 2853 Emer.
527 2798 595 2853 II.
633 2801 780 2869 (710.
815 2800 927 2868 44.)
965 2801 1077 2854 Der
1103 2800 1260 2854 Brief
1284 2801 1359 2855 ist

234 2869 384 2924 wohl
416 2871 560 2924 noch
590 2888 683 2925 am
701 2877 788 2926 20.
810 2869 1118 2925 Dezember
1145 2873 1210 2940 (s.
1232 2877 1262 2936 ἓ
1282 2873 1357 2941 2.)

232 2939 618 3010 geschrieben.

311 3011 595 3093 1111111118
635 3043 696 3051 —
736 3013 986 3081 venisset]
1017 3015 1206 3082 Lupus
1243 3029 1358 3066 war

235 3100 345 3137 von
386 3082 486 3136 der
520 3084 597 3135 im
633 3085 867 3152 vorigen
894 3084 1078 3139 Briefe
1109 3083 1356 3138 erwahn-

232 3157 328 3206 ten
367 3153 531 3207 Reise
583 3155 727 3208 nach
765 3157 907 3208 Rom
946 3155 1149 3208 wieder
1185 3173 1253 3208 zu
1291 3155 1354 3209 D.

232 3223 440 3278 Brutus
489 3226 934 3294 zurt'ickgekehrt
972 3228 1086 3279 und
1124 3226 1354 3280 wieder-

233 3313 331 3348 um
362 3295 471 3348 mit
488 3296 799 3365 Austragen
825 3313 934 3351 von
964 3296 1183 3351 Mutina
1208 3296 1355 3351 nach

232 3366 381 3420 Rom
416 3366 767 3435 gekommen.
807 3398 874 3407 -
915 3370 1093 3423 eodem
1123 3375 1356 3438 tempore

235 3440 357 3506 cet]
399 3454 462 3492 so
500 3440 631 3492 sehe
666 3437 760 3492 ich
798 3438 899 3493 das
937 3456 998 3494 so
1037 3456 1124 3506 an,
1162 3439 1246 3493 als
1280 3439 1353 3493 ob

237 3507 314 3560 du
367 3510 476 3563 mir
532 3508 712 3563 damis
766 3510 857 3576 (zu
910 3510 1160 3579 gleicher
1210 3510 1352 3577 Zeit)

234 3580 422 3633 meine
488 3579 683 3648 eigene
736 3581 885 3634 Ehre
943 3581 1350 3650 anempfiehlst.

235 3649 364 3719 Vgl.
402 3649 443 3704 I.
488 3656 569 3706 18.
608 3657 641 3704 4
701 3651 998 3706 denselben
1045 3652 1355 3707 Ausdruck.

306 3726 358 3775 2.
433 3723 650 3776 tribuni
703 3724 809 3791 pl]
880 3739 923 3775 s.
989 3724 1040 3778 d.
1097 3724 1241 3777 Einl.
1307 3742 1351 3777 z.

232 3791 283 3848 J.
349 3799 437 3846 44.
514 3823 581 3832 -
659 3793 899 3863 adesset]
965 3795 1169 3849 ebenso
1234 3794 1353 3848 Liv.

236 3862 489 3917 XXVIII.
529 3870 588 3917 9:
618 3867 920 3932 praemisso
956 3867 1128 3919 edicto
1154 3871 1227 3920 ut
1253 3867 1356 3919 tri-

235 3936 348 3989 duo
390 3940 515 4003 post
559 3936 812 4004 frequens
848 3942 1123 3991 senatus
1159 3936 1234 3990 ad
1270 3954 1357 3990 ae-

237 4007 357 4060 dem
393 4006 655 4060 Bellonae
691 4008 964 4061 adesset.
995 4037 1062 4046 —
1101 4008 1167 4061 de
1199 4024 1356 4075 prae-

236 4077 406 4158 sidio]
458 4077 509 4130 d.
548 4076 585 4130 i
624 4077 762 4130 fiber
804 4078 893 4131 die
929 4076 1217 4146 Truppen‚
1264 4078 1356 4131 die

236 4145 455 4201 Hirtius
492 4147 609 4201 und
637 4146 819 4203 Pansa
844 4165 968 4201 zum
998 4148 1232 4202 Schutze
1262 4149 1357 4202 des

239 4217 472 4274 Senates
511 4218 764 4273 erhalten
801 4219 1020 4274 sollten.
1076 4218 1220 4273 Phil.
1259 4219 1353 4272 111.

238 4295 288 4343 5.
313 4296 407 4345 13.
438 4291 797 4360 quamobrem,
824 4292 1039 4344 tribuni
1050 4291 1355 4359 pl.,quam·

237 4378 401 4429 quam
448 4377 543 4415 vos
577 4362 720 4415 nihil
756 4363 915 4416 aliud
949 4363 1065 4416 uisi
1098 4364 1164 4416 de
1192 4379 1355 4430 prae-

234 4433 398 4499 sidio,
436 4439 501 4487 ut
535 4437 783 4487 senatum
818 4438 935 4489 tuto
965 4435 1206 4489 consules
1233 4434 1359 4488 Ka-

1464 2801 1643 2854 lendis
1680 2800 1981 2853 Ianuariis
2015 2799 2209 2853 habere
2235 2802 2459 2867 possent
2485 2801 2580 2851 etc.

1466 2872 1603 2924 und:
1642 2887 1764 2925 cum
1799 2871 1944 2924 euim
1978 2875 2095 2925 tuto
2121 2870 2312 2923 haberi
2337 2873 2585 2922 senatum

1463 2943 1584 2995 sine
1619 2941 1904 3010 praesidio
1940 2957 2053 2995 uon
2084 2956 2240 3008 posse
2275 2940 2584 3005 iudicastis,

1465 3018 1583 3067 tum
1608 3014 1879 3067 statuistis
1907 3013 2069 3066 etiam
2087 3013 2242 3066 iutra
2260 3027 2444 3066 muros
2464 3012 2581 3065 Au-

1465 3085 1608 3138 touii
1641 3084 1814 3138 scelus
1841 3084 2236 3152 audaciamque
2261 3084 2486 3139 versari.
2515 3112 2581 3122 —

1465 3155 1698 3209 edictum
1725 3154 1905 3225 tuum]
1935 3152 2176 3208 welches
2204 3154 2394 3223 Lupus
2423 3154 2583 3208 fiber·

1460 3226 1665 3279 bracht
1712 3226 1827 3279 und
1875 3226 1993 3281 also
2040 3225 2219 3279 sofort
2264 3224 2584 3293 fibergeben

1462 3296 1651 3366 hatte,
1707 3297 1884 3352 worin
1932 3313 1992 3350 er
2039 3296 2305 3364 ethai-te,
2354 3294 2477 3348 dass
2524 3310 2584 3348 er

1464 3368 1690 3423 GaIIIen
1753 3384 1933 3437 gegen
1990 3366 2265 3421 Antonius
2327 3365 2416 3418 fur
2473 3364 2583 3418 den

1463 3438 1639 3493 Senat
1693 3438 2016 3508 behaupten
2054 3436 2234 3490 wolle.
2306 3436 2450 3489 Phil
2488 3434 2582 3489 ΙΙΙ.

1462 3517 1514 3565 4.
1571 3517 1632 3565 8.
1689 3511 1787 3564 hoc
1839 3525 1963 3565 vero
2015 3523 2242 3563 recens
2297 3508 2582 3561 edictum

1460 3581 1537 3636 D.
1567 3582 1758 3647 Bruti,
1794 3582 1964 3651 quod
1992 3580 2203 3649 paulo
2240 3583 2393 3632 aute
2429 3593 2580 3645 pro-

1456 3653 1758 3721 positum
1820 3659 1941 3719 est,
2003 3656 2140 3706 certe
2202 3650 2416 3704 silentio
2469 3663 2583 3702 uon

1454 3728 1635 3793 potest
1680 3724 1991 3806 praeteriri.
2088 3722 2386 3776 Pollicetur
2440 3720 2583 3773 euim

1461 3810 1518 3848 se
1566 3796 1913 3862 provinciam
1961 3793 2206 3848 Galliam
2249 3797 2584 3846 retenturum

1462 3866 1527 3918 in
1573 3870 1796 3919 senatus
1824 3865 2124 3934 populeque
2159 3863 2404 3918 Romam·
2431 3866 2581 3929 pote-

1464 3941 1617 3990 state.
1687 3935 1731 3988 O
1767 3937 1933 3990 civem
1967 3941 2162 3989 ‘natum
2197 3935 2279 3988 rei
2309 3934 2583 4001 publicae,

1465 4023 1743 4061 memorem
1768 4008 1860 4060 sui
1886 4008 2125 4061 nominis
2151 4006 2581 4073 imitatoremque

1462 4079 1751 4132 maiorum.

1538 4155 1589 4202 3.
1618 4150 1745 4203 veni
1771 4147 1952 4218 mane]
1978 4148 2097 4202 also
2118 4146 2386 4214 soszleieh‚
2415 4146 2583 4199 nach-

1464 4220 1596 4273 dem
1633 4234 1693 4272 er
1730 4218 1840 4273 den
1867 4218 2025 4273 Brief
2048 4220 2144 4272 des
2170 4216 2378 4272 Brutus
2407 4216 2583 4271 durch

1463 4291 1714 4360 Lupuse
1685 4289 1955 4357 e,rhalten
1986 4309 2029 4342 s.
2052 4295 2082 4354 ἓ
2106 4297 2150 4344 1.
2175 4319 2242 4328 -
2272 4291 2336 4343 iu
2361 4287 2577 4359 senatu]

1464 4362 1637 4416 dritte
1667 4359 2042 4431 philippische
2069 4361 2240 4414 Rede.
2268 4391 2342 4399 —-
2367 4361 2432 4413 in
2460 4374 2583 4413 con-

1464 4435 1636 4504 tione]
1678 4433 1854 4488 vierte
1890 4430 2266 4500 philippische
2302 4430 2472 4484 Rede.
