3000 4917
900 228 1160 288 APPIUS
1198 226 1557 284 CLAUDIUS
1594 226 1951 283 PULCHER.
2467 225 2595 290 119

251 390 326 455 in
388 392 595 455 causis
660 413 764 454 res
826 394 1075 476 agetur.

253 479 455 544 scribi
500 501 539 543 v
580 480 663 543 lo.

438 502 621 642 ngd
647 568 957 632 itinerum
985 587 1276 630 meorum
1305 565 1476 630 ratio
1511 569 1577 629 te
1607 564 1989 630 nonnullam
2020 566 2091 629 in
2120 565 2588 631 dubitationem
2612 569 2655 633 3

252 655 511 721 videtur
557 655 884 738 adducere,
927 656 1271 719 visurusne
1318 675 1421 717 me
1469 654 1559 718 sis
1605 654 1673 718 in
1719 654 2068 738 provincia,
2115 676 2190 718 ea
2234 675 2337 719 res
2385 654 2476 718 sic
2523 676 2592 719 se

246 744 479 809 habet:
538 742 867 809 Brundisii
912 765 1060 808 cum
1106 744 1404 825 loquerer
1451 763 1598 807 cum
1642 741 1922 827 Phania,
1979 742 2216 807 liberto
2264 748 2398 820 tuo,
2442 742 2592 806 veni

247 834 313 896 in
377 855 525 897 eum
586 853 974 912 sermonem,
1034 834 1108 895 ut
1166 830 1441 895 dicerem
1504 851 1605 893 me
1667 830 1945 894 libenter
2002 831 2083 894 ad
2142 852 2285 895 eam
2341 833 2592 913 partem

248 920 621 1004 provinciae
670 921 948 1002 primum
994 941 1134 984 esse
1180 922 1546 1000 venturum,
1592 940 1718 1001 quo
1766 921 1834 983 te
1882 919 2159 983 maxime
2205 919 2372 983 velle
2420 916 2593 982 arbi-

247 1012 551 1074 traretur.
642 1008 821 1073 Tunc
867 1008 1029 1072 mihi
1073 1007 1183 1071 ille
1229 1007 1409 1089 dixit,
1457 1007 1629 1091 quod
1668 1007 1875 1071 classe
1913 1013 1988 1072 tu
2026 1008 2227 1071 velles
2268 1005 2591 1088 decedere,

247 1119 365 1181 per
416 1097 554 1162 fore
613 1095 1166 1162 accommodatum
1222 1095 1377 1177 tibi,
1437 1096 1492 1159 si
1541 1095 1621 1159 ad
1667 1096 1851 1160 illam
1897 1096 2290 1161 maritimam
2337 1098 2592 1179 partem

246 1186 617 1268 provinciae
654 1184 928 1249 navibus
969 1184 1405 1249 accessissem.
1477 1182 1628 1247 Dixi
1665 1206 1768 1248 me
1808 1206 1946 1249 esse
1983 1183 2327 1268 facturum,
2374 1184 2593 1268 itaque

245 1273 566 1356 fecissem,
608 1274 734 1337 nisi
776 1273 936 1336 mihi
974 1270 1043 1336 L.
1082 1269 1346 1337 Clodius
1387 1274 1614 1336 noster
1652 1270 1970 1355 Corcyrae
2013 1273 2285 1337 dixisset
2323 1273 2591 1337 minime

241 1362 309 1425 id
349 1384 489 1427 esse
530 1361 919 1444 faciendum3
960 1364 1027 1424 te
1055 1359 1414 1425 Laodiceae
1452 1359 1590 1424 fore
1630 1361 1708 1425 ad
1739 1383 1953 1425 meum
1985 1362 2351 1426 adventum.
2424 1360 2592 1424 Erat

242 1451 310 1514 id
370 1450 531 1514 mihi
586 1450 792 1514 multo
849 1449 1108 1513 brevius
1156 1448 1491 1532 multoque
1540 1449 1964 1529 commodiuS,
2012 1470 2156 1514 cum
2201 1449 2588 1533 praesertim

244 1542 310 1603 te
353 1539 447 1603 ita
484 1538 679 1602 malle
722 1538 1091 1602 arbitrarer.
1152 1536 1306 1601 *Tua
1332 1537 1502 1601 ratio
1532 1542 1762 1620 postea
1789 1542 1890 1602 est
1918 1542 2331 1603 commutata.
2397 1536 2587 1602 Nunc
2608 1545 2653 1609 4

239 1628 395 1710 quid
450 1628 589 1690 fieri
625 1626 854 1710 possit,
891 1629 966 1690 tu
1003 1625 1313 1690 facillime
1352 1628 1626 1709 statues3
1674 1647 1794 1710 ego
1834 1627 1957 1691 tibi
1997 1648 2210 1691 meum
2249 1626 2590 1691 consilium

242 1737 585 1798 exponam.
688 1713 794 1779 Pr.
861 1713 1192 1778 Kalendas
1255 1711 1532 1778 Sextiles
1599 1719 1761 1798 puto
1835 1737 1937 1778 me
1998 1712 2353 1780 Laodiceae
2417 1714 2582 1798 fore3

241 1825 600 1887 perpaucos
659 1802 825 1885 dies,
879 1802 1031 1866 dum
1077 1802 1353 1886 pecunia
1400 1802 1738 1886 accipitur,
1785 1825 1950 1887 quae
1997 1803 2156 1867 mihi
2203 1825 2279 1867 ex
2324 1802 2586 1885 publica

242 1892 718 1975 permutatione
756 1891 1044 1975 debetur,
1081 1891 1557 1974 commorabor3
1598 1889 1825 1955 deinde
1861 1892 1986 1955 iter
2021 1891 2259 1956 faciam
2298 1891 2379 1956 ad
2408 1912 2586 1955 exer-

235 1981 470 2063 citum,
526 1983 600 2043 ut
655 1979 908 2043 circiter
962 1979 1115 2043 Idus
1173 1977 1446 2043 Sextiles
1504 1984 1725 2063 putem
1783 2001 1885 2044 me
1941 1980 2022 2044 ad
2077 1979 2369 2044 Iconium
2427 1979 2584 2044 fore.

239 2067 371 2132 Sed
410 2069 467 2132 si
504 2067 655 2151 quid
691 2088 864 2130 nunc
901 2089 1005 2130 me
1041 2067 1269 2131 fallit
1251 2090 1319 2131 m
1359 2068 1694 2132 scribendo
1735 2104 1819 2114 —-
1858 2069 2083 2152 procul
2121 2069 2291 2133 enim
2323 2069 2584 2133 aberam

233 2158 322 2220 ab
384 2177 452 2220 re
508 2157 651 2239 ipsa
707 2158 773 2218 et
826 2178 863 2219 a
917 2155 1075 2219 locis
1137 2191 1247 2238 —,
1304 2155 1497 2220 simul
1556 2179 1630 2221 ac
1673 2158 1980 2241 progredi
2035 2179 2334 2241 coeper0,
2393 2179 2587 2243 quam

235 2245 574 2310 celerrime
628 2247 856 2327 potero
910 2247 976 2307 et
1025 2266 1219 2328 quam
1272 2245 1672 2309 creberrimis
1725 2245 1964 2311 litteris
2011 2245 2276 2329 faciam,
2336 2250 2409 2310 ut
2463 2246 2588 2310 tibi

242 2337 404 2398 nota
452 2333 539 2397 sit
585 2332 791 2397 omnis
836 2332 1005 2396 ratio
1055 2332 1300 2396 dierum
1351 2337 1544 2417 atque
1590 2334 1897 2398 itinerum
1945 2356 2251 2399 meorum.
2355 2333 2587 2398 Oneris

229 2422 359 2487 tibi
421 2422 753 2505 imponere
827 2442 946 2485 nec
1020 2421 1224 2485 audeo
1300 2421 1642 2506 quicquam
1707 2443 1826 2485 nec
1892 2424 2121 2505 debe03
2195 2422 2342 2503 sed,
2416 2421 2588 2505 quod

1176 387 1300 454 Sed
1358 389 1519 453 haec
1571 383 1711 453 fieri
1762 389 1994 452 melius
2052 411 2245 473 quam
2301 388 2427 453 dici
2482 393 2596 453 aut

232 2631 451 2686 sowohl
506 2630 596 2684 die
650 2628 1091 2684 Urhebersohast
1147 2638 1205 2696 (a
1257 2631 1365 2684 mit

235 2702 294 2757 d.
353 2701 512 2769 Abl.)
570 2701 653 2753 als
710 2699 801 2754 die
858 2699 1204 2769 Teilnahme,
1259 2701 1361 2754 das

239 2770 614 2826 Afficiertsein
652 2771 751 2823 der
776 2771 986 2825 Person
1014 2789 1082 2825 zu
1107 2771 1360 2826 bezeich-

239 2860 368 2897 nen.
440 2840 649 2910 Vgl.1.
690 2845 773 2896 18.
812 2846 897 2895 25.

312 2919 362 2968 3.
392 2913 679 2967 visurusne
697 2928 777 2966 me
792 2911 895 2982 sis]
918 2910 1361 2992 Cic.w1'inschte‚

236 2985 345 3038 wie
384 2999 444 3036 es
484 2981 627 3036 Sitte
664 2999 797 3049 war,
834 2983 940 3036 mit
975 2979 1187 3036 seinem
1222 2982 1360 3038 Vor-

234 3059 453 3123 ganger
488 3052 611 3107 eine
640 3053 1139 3107 Zusammenkunft
1165 3072 1232 3107 zu
1260 3055 1358 3108 ha—

234 3125 363 3190 ben,
394 3123 498 3179 ehe
527 3124 707 3178 dieser
738 3124 828 3178 die
852 3124 1089 3179 Provinz
1117 3124 1356 3180 verliess,

231 3195 448 3265 Appius
501 3194 637 3249 aber
673 3193 869 3249 suchte
908 3194 1090 3249 einem
1129 3195 1358 3250 solchen

232 3264 765 3321 Zusammentreffen
811 3266 1248 3321 auszuweichen.
1288 3297 1356 3307 --

229 3337 559 3409 Brundisii]
580 3336 679 3389 auf
693 3337 795 3389 der
813 3336 982 3390 Reise
1000 3337 1145 3390 nach
1169 3336 1355 3393 Asien.

231 3440 299 3448 —
346 3410 472 3463 veni
518 3450 530 3462 .
580 3450 592 3463 .
643 3412 708 3461 ut
751 3407 1005 3477 dicerem]
1058 3406 1148 3461 ich
1197 3411 1355 3478 sagte

235 3478 357 3533 ihm
412 3478 492 3532 im
546 3476 720 3531 Laufe
776 3477 875 3531 der
924 3477 1355 3560 Unterhaltung‚

232 3548 399 3604 teilte
442 3550 563 3602 ihm
609 3548 1082 3617 gesprachsweise
1127 3550 1248 3603 mit.

227 3637 332 3689 per
379 3661 392 3674 .
445 3617 930 3688 accommodatum]
972 3636 1014 3673 s.
1052 3639 1098 3673 z.
1135 3619 1177 3674 I.
1220 3626 1266 3676 1.
1306 3627 1355 3676 6.

235 3722 297 3732 -
352 3692 512 3745 illam
560 3705 698 3743 mar.
737 3689 980 3769 partem]
1028 3691 1189 3745 Nach
1236 3696 1334 3757 §1

230 3761 288 3817 d.
327 3760 463 3830 folg.
504 3761 595 3814 Br.
636 3776 752 3812 war
789 3758 926 3813 Sida
961 3761 1223 3829 gemeint,
1263 3764 1355 3817 ein

228 3779 463 3886 kleines‘
512 3830 821 3885 Stttdtchen
884 3830 991 3884 mit
1043 3830 1227 3886 Hafen
1293 3834 1353 3887 in

226 3900 618 3973 Pamphylien.
685 3931 753 3941 --
809 3900 875 3956 L.
934 3901 1185 3974 Clodius]
1253 3903 1352 3959 der

228 3973 548 4043 praefectus
588 3970 810 4026 fabrum
848 3973 947 4027 des
983 3972 1198 4043 Appius
1235 3975 1351 4028 und

231 4046 432 4099 dessen
456 4045 771 4099 vertrauter
789 4042 1027 4098 Freund.
1047 4075 1117 4084 —
1141 4045 1349 4100 Laodi·

226 4116 375 4198 oeae]
422 4115 513 4170 die
553 4114 720 4167 Stadt
762 4113 860 4184 lag
895 4130 1041 4169 zwar
1075 4115 1134 4169 in
1170 4115 1319 4183 Phry

231 4187 379 4256 gien,
458 4186 653 4240 chorte
682 4186 817 4239 aber
846 4184 1060 4239 damals
1088 4186 1351 4240 voruber-

225 4257 413 4325 gehen
498 4254 606 4309 mit
640 4256 728 4325 Ap
730 4272 893 4310 amca
935 4256 1052 4311 und
1089 4256 1352 4326 Synnada

226 4327 376 4381 noch
425 4345 492 4384 zu
542 4275 763 4380 Ciceros
813 4325 1075 4393 Provinz‚
1138 4328 1350 4383 welche

227 4397 417 4452 ausser
464 4397 591 4450 dem
642 4397 870 4466 cigentl.
923 4369 1157 4454 cuic'ien
1205 4400 1349 4453 noch

1468 2630 1722 2700 Pamphy
1726 2629 1857 2697 lien,
1895 2630 2158 2698 Pisidien,
2187 2630 2453 2699 Isaurien,
2483 2629 2586 2700 Ly-

1468 2701 1714 2756 kaonien
1741 2672 1906 2755 neb’st
1933 2700 2033 2756 der
2059 2701 2208 2755 Insel
2229 2701 2309 2771 Cy
2311 2718 2450 2771 pern
2469 2719 2587 2756 um-

1468 2772 1653 2853 fasste.
1694 2803 1760 2812 —
1799 2773 1916 2827 ad.
1946 2721 2320 2844 adventumf,
2311 2720 2438 2839 pzur
2466 2773 2587 2828 Zeit

1468 2841 1683 2897 meiner
1717 2843 2027 2902 Ankunftf‘

1541 2918 1591 2967 4.
1634 2914 1761 2967 Tua
1794 2914 1977 3039 ratiol]
2003 2912 2135 2968 dein
2161 2912 2371 2983 (Reise-
2351 2917 2396 2984 -)
2424 2914 2583 2970 Plan.

1468 3015 1537 3024 —
1571 3001 1879 3054 perpaucos
1953 2985 2052 3056 ies]
2083 2985 2274 3041 Cicero
2303 3004 2419 3041 war
2446 2987 2584 3041 zwei

1469 3055 1669 3124 Tage
1652 3073 1712 3110 ιιι
1739 3053 2035 3124 Laodicea,
2068 3072 2150 3111 wo
2181 3074 2240 3111 er
2269 3057 2421 3112 seine
2453 3059 2583 3113 Pro-

1465 3125 1591 3180 vinz
1620 3127 1806 3181 betrat
1832 3128 1946 3181 und
1974 3126 2125 3182 seine
2146 3126 2417 3184 amtliche
2438 3128 2582 3184 Tha-

1463 3195 1673 3265 tigkeit
1709 3198 1948 3266 begann.
2012 3196 2132 3252 Att.
2164 3198 2228 3253 V.
2267 3205 2351 3254 15.
2381 3206 2439 3254 3.
2477 3202 2582 3256 iter

1462 3267 1741 3323 Laodicea
1775 3269 2044 3335 faciebam
2081 3287 2131 3324 a.
2170 3267 2222 3324 d.
2263 3271 2403 3323 III.
2432 3271 2582 3326 Non.

1464 3338 1721 3394 Sext...
1759 3381 1771 3394 .
1811 3341 1874 3394 in
1911 3346 2096 3395 eastra
2129 3343 2193 3394 in
2221 3340 2579 3408 Lycaoniam.

1462 3440 1534 3448 —
1560 3426 1628 3464 ex
1653 3411 1881 3478 publiea
1891 3410 2319 3479 permutatione]
2343 3411 2582 3465 welches

1466 3479 1576 3533 mir
1643 3481 1745 3535 auf
1793 3481 2205 3550 Anweisungen
2260 3480 2358 3534 des
2412 3468 2581 3535 Mars

1465 3552 1796 3620 ausgezahlt
1829 3550 2054 3606 werden
2091 3550 2252 3606 muss.
2328 3551 2433 3606 Die
2455 3568 2582 3621 per-

1462 3625 1696 3677 mutatio
1735 3626 2075 3694 (permutare
2123 3639 2251 3678 cum
2299 3622 2372 3676 al.
2411 3639 2581 3706 pecu-

1462 3692 1637 3816 niadm)
1656 3694 1899 3748 bestand
1917 3694 2097 3817 gamin,
2114 3692 2383 3818 ᾱ31ἒιιίἒιι
2398 3694 2582 3818 einer?>

1463 3780 1532 3817 an
1579 3782 1676 3819 ern
1739 3763 1863 3819 eine
1957 3781 2143 3819 umme
2250 3780 2279 3816 e
2345 3781 2402 3819 es
2467 3782 2542 3834 ga

1459 3851 1646 3903 gegen
1683 3835 1846 3889 einen
1882 3833 2159 3903 Wechsel,
2204 3834 2305 3887 auf
2338 3835 2445 3889 den
2482 3834 2582 3889 hin

1459 3921 1592 3958 man
1629 3906 1826 3969 (selbst
1874 3905 2009 3959 oder
2045 3905 2137 3960 ein
2175 3906 2432 3975 anderer)
2469 3922 2582 3961 von

1460 3975 1586 4028 dem
1633 3973 1988 4055 Empfanger
2030 3975 2165 4029 oder
2201 3975 2344 4029 nach
2383 3977 2580 4032 dessen

1458 4044 1732 4115 Weisung
1779 4062 1887 4100 von
1940 4044 2120 4100 einem
2173 4044 2385 4099 dritten
2436 4047 2579 4104 Geld

1459 4116 1704 4169 erheben
1730 4115 1958 4171 konnte.
2009 4116 2124 4171 Att.
2155 4117 2223 4172 V.
2257 4122 2347 4171 15.
2376 4134 2576 4190 vereor,

1456 4202 1526 4241 ne
1552 4187 1712 4251 illud,
1740 4188 1884 4256 quod
1910 4191 2083 4241 tecum
2102 4191 2434 4259 permutavi,
2458 4208 2578 4246 ver-

1456 4273 1593 4312 sura
1648 4227 1843 4326 (d’urch
1903 4274 2043 4313 neue
2093 4258 2393 4329 Schulden)
2440 4264 2579 4318 mihi

1458 4329 1774 4383 solvendum
1818 4330 1905 4384 sit.
1945 4360 2012 4369 —
2050 4330 2190 4385 Idus
2226 4330 2446 4402 Sextil]
2486 4333 2577 4387 Ci-

1458 4415 1585 4452 cero
1644 4399 1777 4453 kam
1825 4400 1884 4454 in
1935 4400 2035 4454 der
2085 4401 2234 4455 That
2280 4401 2397 4456 V11.
2451 4403 2578 4456 Kal.
