3000 4917
407 249 494 313 56
1266 247 1399 302 LlB.
1438 247 1478 301 Ι.
1535 245 1754 302 EPIST.
1797 253 1877 302 18.

411 412 491 475 ad
537 416 724 474 tuum
769 430 1109 473 numerum
1155 408 1430 473 libenter
1476 408 1853 490 adscribit03
1912 409 2014 472 sin
2061 411 2279 471 autem
2324 408 2389 471 id
2434 429 2567 472 non
2616 429 2762 491 per-

410 500 668 583 spicies,
731 499 982 562 nullum
1047 518 1251 582 genus
1313 497 1437 570 erit
1490 498 1558 561 in
1612 496 2059 562 familiaritate
2116 496 2467 562 cavendum
2524 498 2763 580 magis,

410 592 751 672 propterea
808 587 979 670 quod
1034 591 1100 650 et
1156 606 1381 651 omnes
1437 585 1576 650 vias
1627 587 1934 668 pecuniae
1979 588 2221 650 norunt
2266 588 2331 649 et
2377 586 2600 650 omnia
2643 607 2758 669 pe-

412 676 636 740 cuniae
682 697 877 740 causa
921 674 1170 739 faciunt
1215 678 1307 756 et,
1364 674 1622 757 quicum
1667 674 1904 739 victuri
1948 695 2081 738 non
2127 677 2303 757 sunt,
2348 673 2482 738 eius
2534 674 2764 738 existi-

410 764 683 829 mationi
730 765 1063 829 consulere
1108 784 1244 827 non
1289 767 1533 826 curant.

311 852 392 918 16
590 851 810 937 Atque
882 852 1079 916 etiam
1153 872 1188 915 e
1253 848 1518 915 Graecis
1583 850 1743 934 ipsis
1808 850 2155 935 diligenter
2220 850 2537 915 cavendae
2606 854 2765 914 sunt

415 941 728 1024 quaedam
772 940 1278 1020 familiaritates,
1329 943 1586 1022 praeter
1629 938 1963 1003 hominum
2009 960 2495 1023 perpaucorum,
2543 939 2601 1003 si
2647 939 2763 1023 qui

414 1039 565 1094 sunt
609 1033 824 1093 vetere
871 1027 1140 1093 Graecia
1186 1027 1382 1112 digni.
1475 1024 1582 1091 Sic
1628 1048 1779 1091 vero
1825 1027 2089 1091 fallaces
2137 1032 2290 1091 sunt
2333 1027 2645 1110 permulti
2694 1030 2767 1089 et

412 1119 586 1183 leves
642 1123 706 1182 et
762 1118 1066 1181 diuturna
1121 1118 1430 1181 servitute
1487 1115 1570 1179 ad
1624 1115 1892 1180 nimiam
1949 1116 2455 1181 assentationem
2505 1115 2765 1179 eruditi.

417 1205 591 1282 Quos
659 1226 778 1290 ego
845 1206 1180 1269 universos
1247 1204 1544 1268 adhiberi
1602 1204 1986 1287 liberaliter,
2059 1204 2374 1287 optimum
2439 1224 2766 1288 quemque

414 1294 699 1378 hospitio
756 1293 1163 1376 amicitiaque
1209 1292 1513 1377 coniungi
1559 1292 1700 1357 dico
1749 1297 2077 1376 oportere3
2135 1292 2375 1356 nimiae
2420 1291 2763 1356 familiari-

414 1386 584 1446 tates
641 1403 861 1446 eorum
915 1402 1121 1463 neque
1173 1384 1310 1445 tam
1363 1381 1585 1444 fideles
1643 1389 1793 1446 sunt
1836 1418 1924 1426 —
1968 1402 2102 1444 non
2149 1382 2319 1444 enim
2367 1380 2606 1445 audent
2654 1380 2765 1444 ad-

414 1470 659 1535 versari
704 1469 947 1533 nostris
993 1469 1441 1533 voluntatibus
1479 1506 1586 1552 —,
1632 1472 1697 1533 et
1740 1469 2035 1533 invident
2073 1489 2207 1532 non
2245 1469 2487 1533 nostris
2527 1468 2769 1551 solum,

414 1579 635 1621 verum
684 1558 881 1621 etiam
929 1558 1079 1623 suis.

314 1650 392 1714 17
593 1643 705 1710 VI.
765 1646 926 1730 Iam,
983 1647 1094 1730 qui
1144 1646 1214 1710 in
1262 1646 1579 1710 eiusmodi
1620 1646 1843 1723 rebus,
1897 1646 1966 1709 in
2012 1646 2244 1729 quibus
2291 1666 2515 1709 vereor
2563 1646 2764 1709 etiam

414 1757 496 1798 ne
552 1735 771 1800 durior
818 1736 969 1812 sim,
1024 1739 1253 1800 cautus
1302 1756 1441 1798 esse
1487 1735 1681 1799 velim
1731 1756 1807 1798 ac
1854 1733 2157 1817 diligenS,
2214 1755 2340 1816 quo
2388 1756 2489 1797 me
2540 1734 2765 1799 animo

414 1824 484 1888 in
552 1824 753 1888 servis
816 1845 956 1887 8888
1020 1824 1283 1888 censes?
1357 1844 1516 1909 quos
1584 1823 1839 1906 quidem
1896 1844 2041 1886 cum
2100 1822 2398 1887 omnibus
2454 1823 2525 1885 in
2579 1822 2770 1903 lociS,

417 1918 557 1976 tum
611 1912 953 1995 praecipue
1007 1911 1076 1974 in
1122 1911 1470 1995 provinciis
1518 1932 1741 1995 regere
1789 1911 2113 1975 debemus.
2205 1910 2348 1986 Quo
2397 1910 2475 1974 de
2524 1930 2765 1993 genere

416 2000 623 2065 multa
676 2000 963 2082 praecipi
1018 2004 1320 2083 possunt,
1381 2000 1490 2063 sed
1549 2000 1670 2064 hoc
1718 2004 1783 2063 εὴ
1829 2000 2282 2065 brevissimum
2328 2003 2428 2062 est
2474 2005 2540 2062 et
2585 1998 2767 2063 facil-

416 2088 573 2151 lime
610 2089 815 2152 teneri
852 2090 1088 2172 potest,
1133 2094 1207 2153 ut
1247 2089 1343 2152 ita
1380 2110 1448 2151 se
1487 2092 1722 2171 gerant
1758 2088 1827 2151 in
1862 2089 2009 2153 istis
2050 2088 2361 2152 Asiaticis
2399 2087 2774 2171 itineribuS,

418 2181 491 2240 ut
536 2176 593 2239 si
638 2176 763 2239 iter
808 2176 1027 2258 Appia
1072 2176 1177 2241 via
1222 2176 1494 2258 faceres,
1551 2198 1713 2242 neve
1759 2177 2068 2240 interesse
2127 2177 2466 2259 quicquam
2514 2179 2770 2258 putent,

417 2267 637 2328 utrum
684 2263 940 2328 Tralles
990 2286 1073 2328 an
1117 2263 1413 2329 Formias
1461 2264 1775 2329 venerint.
1858 2267 1953 2329 Ac
2001 2265 2057 2329 si
2104 2265 2246 2346 quis
2296 2269 2394 2328 est
2436 2284 2518 2326 ex
2557 2264 2770 2328 servis

419 2353 678 2438 egregie
724 2351 954 2435 fidelis,
999 2352 1084 2416 sit
1128 2353 1199 2417 in
1246 2353 1620 2418 domesticis
1658 2353 1850 2419 rebus
1890 2358 1955 2416 et
1991 2352 2287 2437 privatis;
2337 2374 2503 2435 quae
2539 2374 2645 2416 res
2685 2353 2768 2416 ad

419 2442 701 2506 officium
746 2440 1001 2524 imperii
1046 2442 1141 2506 tui
1190 2446 1384 2526 atque
1424 2442 1506 2507 ad
1545 2442 1829 2525 aliquam
1866 2449 2116 2524 partem
2154 2441 2249 2505 rei
2286 2441 2588 2524 publicae
2626 2462 2769 2524 per-

417 2531 739 2613 tinebunt,
776 2530 853 2594 de
890 2529 992 2593 his
1024 2530 1219 2594 rebus
1256 2553 1337 2595 ne
1377 2529 1530 2615 quid
1569 2530 1879 2614 attingat3
1919 2530 2127 2594 multa
2163 2530 2353 2612 enim,
2393 2550 2556 2613 quae
2593 2534 2772 2594 recte

418 2620 740 2684 committi
785 2620 991 2683 servis
1038 2618 1337 2684 fidelibus
1383 2623 1673 2703 possunt,
1720 2625 1943 2682 tamen
1992 2619 2304 2682 sermonis
2344 2622 2410 2682 et
2444 2616 2775 2701 vitupera-

418 2708 614 2772 tionis
659 2707 958 2772 vitandae
1005 2727 1199 2773 causa
1245 2706 1706 2773 committenda
1751 2728 1882 2770 non
1930 2710 2096 2771 sunt.

420 2915 648 2982 tempori
675 2919 723 2967 et
749 2930 862 2968 non
889 2916 1133 2969 amittere
1160 2921 1386 2984 tempue,
1416 2933 1538 2969 eum
1646 2916 1776 2968 nim.
1851 2915 2054 2981 famil.,
2139 2912 2376 2968 sondern
2460 2931 2560 2968 aus
2638 2916 2771 2969 dem

419 2986 493 3038 sit
536 2985 742 3037 datum.
792 3015 857 3023 --
906 2986 980 3039 ad
1032 2990 1190 3039 tuum
1228 2986 1537 3057 numerum]

423 3079 490 3100 =
528 3052 602 3107 ad
638 3056 862 3107 tuorum
897 3072 1214 3121 numerum;
1262 3073 1320 3110 so
1366 3074 1432 3111 ex
1477 3074 1537 3111 eo

420 3140 672 3190 numero,
726 3125 824 3192 qui
874 3127 1078 3180 mortui
1119 3132 1251 3181 swnt
1299 3126 1412 3180 fiir:
1469 3146 1536 3182 ex

422 3210 605 3250 eorum
641 3211 867 3250 numero
902 3197 1014 3265 qui,
1050 3196 1239 3251 indem
1277 3198 1377 3251 das
1405 3197 1534 3253 Pro·

420 3281 649 3331 nomen,
689 3265 788 3320 das
825 3266 903 3320 im
942 3267 1075 3323 Gen.
1115 3268 1311 3322 stehen
1349 3269 1533 3335 sollte,

421 3335 598 3391 durch
632 3336 959 3391 Attraktion
996 3338 1081 3392 als
1117 3337 1375 3393 Attribut
1411 3339 1539 3392 dem

424 3409 608 3463 Subst.
648 3408 940 3478 beigeffigt
983 3409 1142 3463 wird.
1183 3440 1248 3448 —
1285 3411 1407 3464 viae
1442 3427 1537 3479 pe·

422 3479 644 3550 cumiae]
685 3479 821 3533 Gen.
862 3479 1092 3549 object:
1129 3496 1252 3534 zum
1290 3479 1468 3535 Gelde.

497 3554 580 3604 16.
637 3566 663 3603 e
721 3549 969 3620 Graecis]
1025 3550 1116 3604 (118
1167 3550 1393 3620 Prapos.
1435 3556 1540 3605 ‘zur

421 3620 815 3689 Bezeichnung
851 3621 949 3675 des
986 3620 1231 3686 Ganzen,
1269 3639 1369 3676 aus
1406 3623 1539 3676 wel-

424 3693 585 3746 chem
642 3690 890 3746 einzelne
949 3692 1102 3746 einer
1142 3692 1388 3747 naheren
1434 3692 1539 3747 Be-

422 3763 689 3831 ziehung,
745 3762 844 3816 der
887 3763 1273 3830 familiaritate,
1322 3770 1537 3833 gewi‘ir·

422 3834 547 3903 digt
592 3832 834 3886 werden.
912 3833 1193 3903 Quaedam
1227 3835 1361 3900 fam.
1400 3836 1542 3889 statt

422 3905 522 3958 des
579 3902 874 3958 einfachen
918 3905 1356 3972 familiaritates,
1412 3904 1541 3960 weil

421 3975 593 4042 diese,
612 3975 718 4029 mit
744 3975 853 4029 den
873 3973 1148 4029 Griechen
1168 3976 1539 4045 angekm'ipft‚

422 4044 654 4098 anderer
691 4047 794 4099 Art
830 4062 1032 4112 waren,
1072 4046 1156 4101 als
1193 4047 1301 4101 mit
1337 4047 1445 4100 den
1480 4046 1542 4098 in

424 4115 524 4167 der
568 4113 804 4169 Provinz
858 4116 1209 4171 wohnenden
1255 4115 1540 4186 gleichbe-

422 4184 739 4252 rechtigten
793 4191 930 4241 rom.
988 4188 1255 4255 Burgern.
1313 4218 1378 4226 —-
1434 4186 1540 4257 sic]

422 4257 586 4309 unter
623 4255 730 4308 den
760 4256 1151 4312 obwaltenden
1176 4257 1539 4313 Umstanden.

426 4354 491 4364 -
551 4331 600 4379 et
653 4326 925 4396 invident]
990 4327 1331 4382 Anakoluth.
1424 4328 1540 4382 Das

425 4393 665 4464 Subjekt
701 4412 770 4448 zu
805 4398 1053 4452 invident
1088 4399 1166 4453 ist
1194 4399 1355 4453 nicht
1379 4400 1541 4453 mehr

1646 2984 2087 3040 Zwischensatze
2151 3003 2216 3038 zu
2274 2989 2565 3053 erganzen.
2661 2987 2770 3041 Die

1646 3054 1921 3111 Griechen
1967 3055 2090 3108 sind
2136 3054 2220 3108 als
2258 3055 2556 3110 Vertraute
2606 3058 2771 3110 eifer-

1644 3126 1870 3195 suchtig
1915 3126 2017 3180 aus
2041 3126 2238 3195 Jeden,
2286 3124 2386 3179 der
2422 3126 2550 3181 dem
2592 3127 2771 3182 Statt-

1644 3196 1830 3252 halter
1859 3198 2004 3252 nahe
2031 3198 2172 3264 tritt,
2203 3197 2317 3250 und
2341 3195 2552 3251 suchen
2572 3197 2768 3253 diesen

1643 3285 1785 3337 ganz
1814 3269 1875 3322 in
1901 3267 2022 3321 ihre
2042 3265 2261 3321 Gewalt
2287 3284 2354 3321 zu
2372 3267 2611 3337 bringen
2631 3269 2771 3323 oder

1643 3340 1825 3406 geben
1880 3337 2076 3392 Anlafs
2132 3354 2198 3391 zu
2252 3336 2456 3396 Hader.
2533 3338 2770 3394 luvenal

1645 3409 1761 3465 Sat.
1800 3410 1891 3464 ΠΙ.
1933 3415 2034 3462 121
2091 3425 2196 3463 von
2242 3409 2424 3464 81118111
2461 3408 2767 3464 Griechen:

1647 3480 1755 3547 Qui
1801 3480 1986 3550 gentis
2024 3479 2166 3533 vitio
2199 3497 2482 3547 nunquam
2522 3482 2772 3549 partitur

1646 3551 1906 3617 amicum,
1947 3550 2109 3604 Solus
2147 3549 2334 3604 habet.

1715 3655 1810 3711 VI.
1848 3656 1959 3710 Die
1986 3657 2354 3724 Behandlwny
2390 3657 2486 3710 der
2514 3655 2771 3710 Sklaven.

1650 3758 1713 3767 —
1772 3727 2229 3797 Rekapitulation
2288 3728 2381 3781 des
2436 3727 2612 3781 bicher
2668 3727 2771 3781 Ge-

1648 3800 2264 3938 εθὲἰιῖῖὶιῖφῶζῗέἕέῧθ
2295 3813 2365 3851 ²¹⁶
2392 3799 2497 3852 ‘²³⁷‘
2522 3799 2776 3853 “mm'‘

1722 3980 1805 4032 17.
1861 3975 1926 4029 in
1969 3975 2161 4045 servis]
2209 4000 2276 4020 ==
2321 3974 2384 4027 in
2423 3972 2632 4028 betreff
2674 3974 2774 4028 der

1650 4043 1921 4112 Sklaven3
1969 4046 2128 4099 nicht
2160 4046 2226 4100 in
2259 4061 2479 4100 servos.
2555 4043 2686 4113 Vgl.
2728 4063 2772 4099 2.

1649 4121 1678 4179 ξ
1717 4121 1802 4171 45.
1842 4146 1909 4155 -
1953 4114 2073 4185 Quo
2108 4118 2173 4170 de
2207 4115 2420 4185 genere]
2459 4114 2564 4170 wie
2604 4121 2635 4179 ξ
2676 4119 2770 4170 18:

1648 4188 1710 4240 in
1738 4188 1835 4240 hoe
1859 4203 2011 4256 9en.,·
2049 4203 2091 4241 s.
2113 4204 2156 4241 2.
2176 4184 2246 4241 11.
2270 4191 2351 4240 19.
2378 4193 2421 4240 1.
2464 4216 2534 4225 —
2569 4188 2621 4240 si
2648 4189 2775 4254 quis

1647 4263 1724 4312 eet
1759 4274 1827 4312 ex
1862 4263 1926 4322 8.]
1965 4274 2094 4312 man
2133 4260 2317 4325 sagte,
2365 4255 2487 4310 dass
2529 4255 2771 4320 Quintus

1648 4328 1860 4382 seinem
1891 4328 2134 4383 Sklaven
2164 4328 2376 4381 Statius
2405 4325 2643 4380 Einfluss
2672 4325 2779 4380 auf

1648 4399 1803 4453 seine
1825 4397 2279 4467 Amtsgesch'afte
2303 4399 2577 4468 gestattet
2604 4396 2772 4453 habe.
