3000 4917
464 215 591 280 166
1232 211 1366 267 LIB.
1402 212 1498 268 ΠΙ.
1552 212 1779 268 EPIST.
1820 217 1903 268 ιτ.
1943 217 2027 268 18.

459 384 682 462 gebens
729 404 832 442 um
880 381 1087 443 Gnade
1140 382 1239 441 fflr
1295 383 1409 441 den
1452 380 1841 441 Verbannten
1897 399 1999 456 an,
2058 379 2244 440 Casar
2301 379 2538 439 mochte
2596 378 2818 455 denen,

461 473 558 532 die
595 473 749 533 noch
785 473 849 532 in
884 472 1101 532 Afrika
1137 471 1232 530 die
1270 470 1508 530 Waffen
1554 489 1749 549 gegen
1784 471 1889 529 ibn
1927 472 2239 546 getragen,
2288 469 2385 528 die
2421 468 2819 545 Verzeihung

458 562 627 622 nicht
664 562 925 639 sogleich
963 562 1300 639 gewahren.
1357 553 1446 640 (S.
1477 559 1575 619 die
1604 561 1746 636 folg
1776 553 2025 639 Briefe)
2083 558 2201 617 Um
2239 558 2335 617 dle
2366 557 2821 634 Begnadigung

459 652 563 711 des
609 651 1001 710 Verbannten
1036 653 1125 709 ‘zu
1181 649 1646 723 hintertreiben,
1702 650 1908 726 klagte
1954 648 2025 718 Q.
2070 648 2309 707 Tubero
2364 647 2470 705 ihu
2516 637 2669 727 (46)
2723 664 2819 718 an,

458 741 596 799 weil
632 760 697 799 er
742 740 947 799 seinen
982 739 1171 799 Vater
1208 737 1415 798 Aelius
1455 738 1694 798 Tubero
1731 739 1898 797 nicht
1934 739 1998 796 in
2033 737 2129 796 die
2168 736 2418 796 Provinz
2456 736 2821 810 zugelassen

457 829 644 888 hatte.
719 827 921 889 Cicero
969 828 1329 906 verteidigte
1376 828 1493 886 den
1532 826 1957 904 Angeklagten
2000 826 2065 885 in
2111 825 2217 885 der
2261 825 2415 884 noch
2456 824 2820 883 erhaltenen

455 918 618 977 Rede
663 918 788 977 und
832 919 1123 978 bewirkte
1172 917 1387 977 dessen
1429 915 1911 993 Freisprechung
1955 915 2078 974 und
2122 913 2586 991 Begnadigung.

1334 1267 1691 1334 Ems'rnLA
1715 1266 1929 1332 XVII.

1364 1390 1475 1459 (Ad
1504 1391 1633 1445 fam.
1665 1389 1757 1446 VI.
1792 1390 1897 1458 13.)

1263 1513 1567 1570 CICERO
1624 1512 1997 1570 LIGARIO.

399 1648 432 1711 1
634 1642 782 1708 Etsi
827 1642 945 1707 tali
991 1647 1104 1708 tuo
1149 1645 1439 1726 tempore
1486 1664 1590 1706 me
1638 1644 1751 1707 aut
1797 1642 2176 1707 consolandi
2233 1645 2348 1706 aut
2397 1642 2669 1710 iuvandi
2721 1645 2816 1708 tui

456 1752 651 1797 causa
707 1731 985 1796 scribere
1042 1731 1123 1796 ad
1177 1735 1245 1796 te
1301 1731 1546 1816 aliquid
1603 1753 1723 1815 pro
1779 1734 2003 1796 nostra
2057 1731 2342 1796 amicitia
2399 1733 2816 1816 opportebat,

454 1825 675 1886 tamen
734 1820 943 1886 adhuc
996 1821 1062 1885 id
1108 1842 1242 1885 non
1287 1820 1598 1904 feceram,
1653 1821 1806 1906 quia
1849 1841 2061 1905 neque
2105 1820 2308 1885 lenire
2352 1820 2628 1886 videbar
2673 1844 2817 1887 ora·

455 1911 630 1975 bione
695 1931 899 1995 neque
962 1910 1175 1974 levare
1230 1930 1422 1993 posse
1478 1910 1767 1975 dolorem
1832 1913 2046 1993 tuum3
2112 1913 2342 1993 postea
2396 1931 2549 1974 vero
2614 1933 2815 1995 quam

454 2020 758 2084 magnam
806 2020 986 2083 spem
1031 1998 1272 2063 habere
1319 2000 1501 2082 coepi
1546 1998 1714 2083 fore,
1760 2003 1837 2064 ut
1880 2002 1946 2063 te
1992 1998 2175 2063 brevi
2221 2002 2514 2082 tempore
2558 1998 2813 2064 incolu-

454 2110 623 2152 mem
669 2087 1052 2151 haberemus
1064 2139 1082 2172 ,
1127 2086 1339 2152 facere
1383 2109 1519 2152 non
1567 2088 1778 2173 potui,
1827 2087 1980 2173 quin
2025 2088 2147 2152 tibi
2194 2091 2261 2152 eb
2308 2087 2702 2152 sententiam
2754 2093 2816 2153 et

453 2177 860 2241 voluntatem
907 2176 1300 2241 declararem
1346 2199 1577 2241 meam.

391 2268 432 2332 2
629 2264 920 2329 Primum
967 2265 1170 2350 igitur
1216 2266 1524 2349 scribam,
1582 2265 1752 2350 quod
1798 2265 2106 2350 intellego
2154 2269 2219 2329 et
2265 2266 2618 2350 perspicio,
2674 2288 2807 2333 non

450 2354 592 2419 fore
638 2356 704 2418 in
752 2358 817 2419 te
857 2353 1199 2419 Gaesarem
1247 2354 1599 2440 duriorem3
1648 2377 1799 2419 nam
1848 2359 1913 2418 et
1958 2376 2060 2419 res
2105 2376 2251 2419 eum
2292 2354 2527 2419 cotidie
2565 2360 2635 2419 et
2674 2356 2812 2420 dies

452 2447 518 2509 et
582 2443 804 2529 opinio
868 2443 1207 2509 hominum
1272 2447 1362 2525 et,
1426 2447 1501 2508 ut
1566 2443 1725 2508 mihi
1789 2443 2067 2527 videtur,
2132 2443 2331 2508 etiam
2395 2466 2511 2508 sua
2568 2448 2812 2510 natura

452 2532 779 2598 mitiorem
816 2532 999 2617 facit,
1042 2534 1232 2617 idque
1279 2555 1422 2599 cum
1471 2532 1549 2597 de
1594 2533 1863 2616 reliquis
1911 2533 2140 2615 sentio,
2185 2537 2325 2597 tum
2370 2532 2447 2596 de
2492 2537 2558 2597 te
2609 2534 2812 2599 etiam

453 2622 644 2687 audio
694 2644 771 2687 ex
817 2622 1348 2687 familiarissimis
1398 2622 1561 2704 eius,
1608 2622 1840 2706 quibus
1888 2643 2010 2705 ego
2059 2643 2135 2685 ex
2185 2643 2259 2686 eo
2306 2625 2631 2708 tempore,
2679 2646 2809 2707 quo

449 2711 732 2794 primum
781 2733 858 2776 ex
897 2710 1121 2776 Africa
1166 2710 1433 2776 nuntius
1479 2710 1675 2795 venit,
1724 2710 2086 2795 supplicare
2131 2731 2264 2774 una
2310 2732 2454 2775 cum
2493 2710 2809 2777 fratribus

451 2800 583 2864 tuis
631 2821 763 2865 non
810 2799 1052 2885 destiti,
1099 2820 1371 2883 quorum
1412 2799 1670 2883 quidem
1711 2802 1777 2864 et
1813 2798 2056 2862 virtute
2094 2802 2160 2862 et
2196 2798 2439 2884 pietate
2478 2803 2545 2863 et
2582 2823 2809 2866 amore

450 2888 518 2953 in
566 2891 631 2952 te
670 2888 987 2974 singulari
1036 2892 1101 2952 et
1149 2889 1409 2954 assidua
1447 2892 1514 2952 el:
1550 2891 1860 2973 perpetua
1899 2909 2054 2951 cura
2092 2886 2317 2952 salutis
2355 2891 2505 2952 tuae
2543 2892 2807 2954 tantum

451 2976 813 3061 proficitur,
859 2981 934 3041 ut
977 2977 1137 3041 nihil
1187 2977 1299 3062 sila,
1351 2976 1523 3062 quod
1569 2999 1702 3042 non
1748 2977 1962 3061 ipsum
2011 2975 2358 3041 Gaesarem
2403 2977 2807 3043 tributurum

388 3064 830 3132 3existimem.
914 3065 1038 3132 Sed
1087 3066 1141 3130 si
1185 3067 1433 3131 tardius
1481 3066 1576 3149 fit,
1622 3088 1814 3150 quam
1862 3067 2180 3143 volumuS,
2227 3065 2483 3150 magnis
2532 3088 2807 3152 occupa-

453 3151 743 3218 tionibus
784 3154 940 3239 eius,
987 3176 1024 3218 a
1064 3177 1191 3238 quo
1231 3156 1448 3221 omnia
1486 3159 1815 3240 petuntur,
1853 3155 2067 3219 aditus
2106 3114 2185 3218 ad
2224 3175 2369 3218 eum
2409 3154 2808 3221 difficiliores

450 3242 730 3328 fuerunt,
775 3247 841 3308 et
887 3244 1080 3308 simul
1117 3242 1464 3310 Africanae
1502 3266 1733 3309 causae
1780 3244 2008 3308 iratior
2054 3242 2292 3307 diutius
2340 3244 2503 3307 velle
2549 3244 2811 3309 videtur

521 3473 700 3527 Emer.
740 3472 911 3527 XVII.
958 3474 1099 3542 (708.
1140 3473 1250 3540 46.)
1678 3471 2126 3539 Verbaltnisse’3
2192 3471 2306 3541 vgl.
2365 3489 2407 3523 z.
2466 3471 2563 3524 ΙΙΙ.
2617 3476 2706 3527 29.
2757 3477 2807 3526 2.

1682 3573 1748 3583 —-
1787 3544 1976 3612 opinio
2011 3543 2313 3613 hominum]
2364 3542 2494 3596 weil
2542 3558 2603 3596 er
2647 3543 2808 3597 nicht

1680 3615 1772 3669 fflr
1807 3614 2128 3682 hartherzig
2162 3613 2277 3667 und
2316 3629 2577 3681 graneam
2655 3614 2809 3668 elten

1683 3685 1892 3739 wollte.
1931 3716 1999 3725 --
2036 3686 2103 3739 de
2148 3685 2252 3739 reli
2252 3685 2400 3756 quis]
2437 3683 2623 3738 hinsic
2667 3683 2808 3738 tlich

1681 3756 2021 3826 derjenigen,
2060 3754 2152 3809 die
2180 3756 2329 3810 noch
2356 3754 2458 3809 auf
2489 3755 2580 3809 die
2610 3756 2808 3811 Gnade

526 3586 572 3634 1.
622 3580 757 3633 Zum
802 3577 1096 3647 Eingange
1144 3577 1258 3647 vgl.
1298 3578 1406 3632 den
1454 3595 1571 3634 vor.

450 3652 541 3707 Br.
590 3657 619 3715 ξ
672 3656 698 3704 1
739 3667 792 3703 ιι.
833 3649 924 3703 die
979 3650 1109 3703 dort
1163 3649 1347 3719 anges.
1398 3649 1572 3705 Stelle

450 3723 605 3777 Fam.
642 3721 738 3777 VI.
770 3727 852 3776 10.
882 3727 933 3775 4.
965 3752 1031 3760 —
1060 3720 1332 3791 oratione]
1374 3721 1573 3775 ‘durch

448 3793 630 3849 blosse
669 3792 885 3848 Worte'
927 3793 1033 3848 wie
1070 3793 1149 3846 im
1186 3808 1302 3847 vor.
1332 3791 1423 3846 Br.
1454 3797 1484 3857 ἓ
1512 3798 1572 3847 4:

450 3871 503 3920 et
540 3867 782 3921 consoler
808 3870 858 3919 et
885 3866 1134 3931 adferam
1170 3866 1410 3918 rationes
1447 3869 1570 3932 etc,
1563 3886 1575 3898 .
1683 3828 1780 3882 des
1808 3826 2029 3896 Siegers
2068 3830 2357 3881 warteten.
2398 3857 2464 3867 -
2501 3843 2571 3881 ex
2602 3827 2807 3894 Africa

452 3938 622 3992 lenire
638 3937 808 3992 naml.
830 3936 1176 4003 consolando,
1197 3936 1376 3989 levare
1396 3934 1573 3989 durch
1680 3898 2120 4039 ἒὸὲἓνὲἒὲῃθῖῗῃ
2176 3898 2275 3952 der
2320 3896 2661 3968 Nffldffl‘lage
2707 3899 2809 3953 der

449 4007 781 4078 Mitteilung
806 4024 917 4063 von
946 4007 1321 4075 Thatsachen,
1359 4006 1573 4061 welche

453 4080 719 4134 A¹¹⁸⁸i⁰h¹⁵
765 4079 865 4133 anf
896 4078 1123 4146 baldige
1160 4077 1206 4130 B
1210 4077 1573 4147 egnadigung
1679 4110 2022 4166 Nachsatzes
2067 4110 2176 4165 mit
2220 4111 2319 4165 der
2354 4111 2675 4181 gelaufigen
2711 4111 2806 4165 El·

452 4150 643 4205 bot'en'
716 4149 846 4219 vgl’
875 4149 969 4205 HI·
1010 4154 1094 4254 31.
1135 4155 1184 4203 3.
1678 4182 1851 4253 lipse·
1891 4200 1960 4237 so
1999 4184 2223 4249 wisse,
2263 4181 2428 4237 dass.
2468 4213 2536 4223 —
2573 4182 2806 4249 Africa-

527 4261 577 4308 2.
615 4257 760 4323 quod
795 4257 1068 4327 intelleyo]
1107 4254 1222 4325 vgl.
1253 4256 1307 4308 d.
1335 4271 1452 4310 vor.
1479 4254 1570 4309 Br.
1680 4272 1787 4309 nae
1841 4254 2062 4324 causae]
2109 4253 2163 4308 d.
2209 4255 2247 4308 i.
2296 4253 2395 4308 der
2441 4253 2651 4321 Pal-tei,
2710 4253 2806 4309 die

457 4329 487 4389 ἓ
524 4329 575 4378 4.
648 4328 791 4394 quod
836 4328 1136 4395 intellegere
1183 4332 1233 4381 et
1265 4327 1467 4381 sentire
1505 4367 1517 4379 .
1560 4366 1572 4378 .
1680 4326 1828 4380 noch
1881 4325 1942 4378 in
1995 4324 2287 4392 Afrikag
2250 4340 2432 4393 gegen
2483 4324 2653 4378 Casar
2707 4340 2802 4407 ge·

454 4409 691 4463 possum.
757 4426 824 4438 —
888 4396 996 4466 res]
1068 4396 1190 4451 ‘die
1246 4396 1575 4463 Umsffinde,
1681 4395 1905 4466 kampft
1930 4396 2107 4451 batiae.
2137 4426 2203 4436 —
2237 4394 2438 4463 Causa,
2467 4395 2558 4449 die
2586 4394 2803 4449 Part-,ei-

1753 4047 1802 4095 3.
1864 4042 2082 4111 maynis
2144 4040 2351 4111 occup]
2417 4039 2640 4110 Anfang
2705 4040 2807 4094 des
