3000 4917
401 211 487 276 82
1254 213 1387 268 LIB.
1427 213 1468 267 Ι.
1540 212 1764 268 EPIST.
1805 219 1889 269 30.

336 378 379 444 2
402 376 507 442 vel
554 398 742 441 casus
787 375 1020 459 aliquis
1068 375 1457 460 subvenerit,
1506 376 1667 441 salvi
1723 397 1861 440 esse
1915 397 2341 459 nequeamus„
2415 361 2771 462 Equidem·

401 469 473 530 ut
525 465 674 529 veni
728 465 809 530 ad
864 465 1116 549 urbem,
1178 485 1312 529 non
1367 465 1591 530 destiti
1637 465 1853 530 omnia
1900 469 1967 529 et
2012 466 2253 529 sentire
2300 471 2366 529 et
2414 465 2623 531 dicere
2670 472 2748 532 et2

396 555 608 619 facere
619 604 637 637 ,
693 574 855 638 quae
912 553 992 617 ad
1048 554 1454 618 concordiam
1509 554 1934 638 pertinerent3
1989 554 2100 617 sed
2158 554 2361 619 mirus
2406 555 2739 621 invaserat

399 642 582 708 furor
633 665 766 707 non
814 641 1024 706 solum
1068 642 1411 726 improbiS,
1467 643 1580 707 sed
1627 643 1823 707 etiam
1869 642 1979 725 iis,
2036 642 2146 727 qui
2189 642 2347 707 boni
2391 644 2734 723 habentur,

395 735 469 796 ut
531 751 822 817 pugnare
889 736 1221 814 cuperent,
1292 753 1396 794 me
1470 733 1790 796 clamante
1863 730 2027 796 nihil
2103 753 2242 795 esse
2315 732 2486 797 bello
2560 733 2747 798 civili.

395 820 711 885 miserius.
812 817 1040 905 Itaque
1095 841 1239 885 cum
1298 817 1540 884 Caesar
1595 821 1875 885 amentia
1931 820 2208 904 quadam
2267 825 2605 905 raperetur
2669 827 2750 886 et

396 908 637 973 oblitus
684 908 968 974 nominis
1015 912 1206 992 atque
1251 908 1573 974 honorum
1623 930 1887 974 suorum
1934 908 2328 993 Ariminum,
2373 910 2735 993 Pisaurum,

394 997 757 1081 Anconam,
829 994 1161 1061 Arretium
1226 998 1695 1081 occupavisset,
1770 998 1996 1062 urbem
2060 998 2461 1082 reliquimuS,
2537 1021 2737 1084 quam

309 1105 314 1111 ·
394 1087 717 1170 sapienter
764 1090 878 1150 aut
925 1107 1119 1169 quam
1164 1085 1448 1169 fortiter,
1494 1086 1658 1150 nihil
1707 1087 1942 1151 attinet
1986 1087 2319 1170 disputari.

569 1173 708 1250 Quo
759 1174 1015 1259 quidem
1063 1175 1133 1237 in
1178 1194 1332 1239 casu
1376 1175 1597 1256 simus,
1644 1175 1839 1241 vides,
1914 1174 2239 1240 Feruntur
2277 1177 2540 1240 omnino
2580 1198 2743 1241 con--

394 1262 677 1328 diciones
727 1263 807 1327 ab
854 1262 987 1348 illo,
1032 1262 1493 1347 ut'Pompeius
1543 1267 1649 1328 eat
1693 1265 1762 1327 in
1808 1263 2221 1348 Hispaniam,
2269 1263 2569 1348 dilectus,
2620 1267 2734 1350 qui

393 1354 543 1416 sunt
606 1350 841 1434 habiti,
907 1359 972 1415 et
1036 1351 1358 1435 praesidia
1429 1357 1655 1418 nostra
1721 1354 2155 1438 dimittantur3
2221 1375 2288 1417 se
2352 1354 2742 1419 ulteriorem.

391 1439 676 1504 Galliam
731 1439 1051 1521 Domitio,
1107 1442 1470 1506 citeriorem
1529 1438 1836 1507 Considio
1893 1440 2196 1506 Noniano
2257 1478 2334 1487 -—
2393 1442 2496 1507 his
2557 1445 2731 1507 enim

390 1529 762 1614 obtigerunt
821 1567 897 1577 —
956 1528 1372 1613 traditurum3
1436 1529 1518 1594 ad
1582 1531 1957 1595 consulatus
2016 1531 2398 1613 petitionem
2453 1553 2522 1596 se
2577 1554 2735 1597 ven·

388 1621 604 1682 turum
659 1640 867 1702 neque
926 1640 993 1683 se
1046 1619 1179 1682 iam
1232 1619 1395 1682 velle
1457 1619 1722 1683 absente
1777 1642 1844 1684 se
1890 1620 2207 1683 rationem
2251 1619 2476 1683 haberi
2525 1642 2735 1703 suam,

388 1728 458 1771 se
513 1714 920 1790 praesentem
974 1708 1217 1771 trinum
1272 1707 1632 1771 nundinum
1687 1708 2058 1790 petiturum.
2149 1708 2532 1790 Accepimus
2581 1731 2741 1774 con*

385 1901 491 1955 mit
545 1902 735 1954 seinen
790 1899 1128 1968 Anhangern
1182 1900 1348 1966 Rom,
1407 1897 1499 1953 ein
1610 1897 1805 1968 (Casar
1838 1900 1951 1952 und
1983 1899 2302 1970 Pompejus)
2339 1902 2608 1955 exercitus
2643 1903 2728 1956 di-

386 1970 621 2038 Schritt,
675 1972 782 2025 den
835 1970 1028 2025 Cicero
1074 1969 1406 2025 wiederholt
1440 1969 1500 2024 in
1605 1971 1855 2038 mittant,
1907 1971 2190 2026 discedant
2225 1972 2289 2026 in
2326 1971 2507 2025 Italia
2544 1988 2739 2026 omnes

384 2042 574 2096 seinen
608 2014 837 2095 ’Briefen
872 2040 1069 2095 tadelt.
1127 2038 1358 2095 Welche
1395 2040 1497 2094 Be·
1607 2042 1676 2096 ab
1714 2043 1911 2108 armis,
1954 2047 2124 2096 metus
2159 2059 2186 2096 e
2222 2043 2440 2096 civitate
2474 2043 2725 2111 tollatur,

382 2113 755 2180 ffirchtungen
805 2128 937 2165 man
983 2113 1072 2164 fur
1121 2112 1264 2165 Rom
1307 2113 1498 2181 hegte,
1607 2113 1781 2167 libera
1807 2115 2028 2167 comitia
2047 2118 2206 2182 atque
2223 2115 2398 2167 omnis
2413 2114 2730 2181 respublica

383 2187 510 2253 sagt
547 2181 739 2238 Cicero
775 2182 882 2236 mit
918 2183 1218 2237 denselben
1248 2183 1498 2251 Worten,
1607 2186 1825 2238 senatui
1857 2186 2165 2253 populoque
2200 2184 2451 2239 Romano
2489 2187 2726 2253 permit-

380 2256 485 2309 wie
522 2253 660 2323 hier,
698 2255 818 2308 Att.
857 2253 1002 2308 VIIL
1031 2259 1082 2307 2.
1113 2259 1170 2307 3:
1208 2255 1500 2322 (patriam)
1605 2260 1773 2310 tatur.
1841 2285 1908 2295 —
1981 2255 2249 2324 Domitio]
2314 2256 2376 2310 L.
2440 2253 2726 2311 Domitius

380 2342 494 2381 non
519 2326 843 2382 servandam
870 2325 945 2380 ad
971 2325 1206 2380 reditum
1233 2330 1497 2393 nostrum,
1605 2325 2007 2380 Ahenobarbus
2044 2344 2160 2380 war
2195 2327 2286 2380 ein
2314 2324 2490 2380 Feind
2524 2325 2733 2382 Casars

379 2399 471 2452 sed
521 2397 893 2465 diripiendam
939 2402 989 2452 et
1042 2397 1496 2465 inflammandam

379 2470 713 2537 reliquimus.

448 2546 497 2595 2.
536 2556 675 2608 quae
701 2540 776 2593 ad
801 2555 947 2594 conc.
969 2539 1330 2609 pertinerent]
1370 2538 1494 2593 dass

377 2627 437 2665 er
483 2611 603 2666 sich
649 2627 744 2665 um
788 2611 898 2665 den
932 2610 1171 2665 Frieden
1207 2609 1491 2677 bemfihte‚

375 2698 488 2737 was
542 2698 600 2735 cr
655 2682 801 2736 auch
852 2697 922 2735 an
978 2681 1220 2735 anderen
1277 2680 1492 2735 Stellen

321 2760 334 2781 ⁸
375 2752 556 2807 seiner
605 2751 790 2806 Briefe
854 2767 966 2805 von
1019 2751 1137 2806 sich
1189 2755 1318 2821 sagt
1373 2750 1487 2820 (III.

373 2828 459 2878 25.
500 2825 589 2891 5.,)
637 2824 711 2876 ist
755 2823 899 2876 auch
936 2825 1092 2876 const
1126 2823 1382 2891 bezeugt.
1421 2854 1489 2862 —

372 2892 631 2976 improbi]
662 2892 756 2946 die·
776 2890 995 2961 Gegner
1023 2891 1123 2946 der
1142 2893 1489 2962 Optimaten-

371 2964 556 3035 partei
593 2964 725 3032 (viri
761 2964 911 3032 boni)
957 2964 1177 3018 werden
1223 2965 1487 3033 gewohn-

371 3035 487 3088 lich
558 3034 797 3102 improbi
867 3034 1033 3102 (auch
1088 3036 1319 3106 perditi)
1390 3052 1484 3103 ge-

370 3107 562 3160 nannt.
621 3134 689 3144 —
738 3106 979 3160 amentia
1012 3106 1275 3186 quadam]
1322 3124 1485 3176 quae-

370 3177 500 3232 dam
553 3175 705 3229 kann
756 3177 900 3230 auch
942 3175 1067 3229 hier
1112 3175 1218 3231 wie
1264 3177 1348 3232 oft
1391 3177 1486 3231 bei

369 3247 707 3318 Adjektiven
772 3251 832 3312 (s.
898 3266 941 3301 z.
1002 3246 1069 3299 II.
1121 3253 1206 3301 22.
1260 3250 1315 3317 2)
1381 3248 1487 3302 mit

371 3320 579 3386 „⁶wahr
583 3323 597 3349 ‘
645 3318 925 3373 ubersetzt
969 3318 1207 3375 werden.
1266 3350 1333 3359 -
1389 3336 1485 3374 no-

370 3360 560 3517 ssssnffl
599 3389 842 3514 welcheg
880 3406 939 3444 er
976 3387 1095 3443 sich
1127 3390 1302 3444 durch
1332 3390 1483 3445 scine

456 3479 491 3516 a
552 3480 588 3515 n
624 3478 799 3516 erwor
840 3477 926 3516 en.

439 3540 488 3587 3.
517 3533 807 3587 Feruntur
834 3532 1195 3601 condiciones]
1230 3532 1291 3586 L.
1314 3529 1484 3585 Casar

364 3605 548 3670 (cuius
582 3608 747 3672 pater
794 3602 1046 3657 Caesaris
1089 3607 1208 3656 erat
1255 3604 1486 3671 leyatus)

366 3693 481 3730 war
534 3673 641 3729 mit
685 3672 995 3742 Auftragen
1041 3674 1139 3727 des
1184 3672 1483 3743 Pompejus

364 3765 431 3800 zu
452 3745 620 3800 Casar
639 3745 784 3800 nach
801 3743 1116 3798 Ariminum
1148 3743 1483 3814 gekommen

366 3818 543 3882 (Caes,
571 3816 626 3870 b.
659 3832 706 3869 c.
727 3816 767 3872 Ι.
791 3821 844 3884 8)
873 3816 988 3869 und
1017 3816 1251 3870 brachte
1280 3815 1476 3870 Casars

362 3888 710 3956 Vorschlage
783 3887 928 3941 nach
995 3887 1199 3957 Capua.
1276 3919 1342 3926 —
1416 3892 1480 3941 ut

363 3960 552 4027 Pomp.
591 3966 679 4014 eat
710 3960 773 4012 in
809 3958 1001 4029 Hisp.]
1042 3958 1091 4011 d.
1131 3958 1169 4012 i.
1217 3957 1274 4011 in
1324 3957 1479 4011 aeine

363 4028 612 4085 Provinz.
662 4029 856 4084 Dieses
884 4047 954 4082 zu
979 4030 1120 4083 thun
1147 4029 1306 4083 hatte
1336 4029 1480 4083 auch

367 4098 562 4154 Cicero
582 4101 830 4169 geraten‚
861 4118 955 4154 um
977 4101 1083 4154 den
1105 4098 1482 4169 Bfirgerkrieg

364 4188 434 4223 zu
469 4170 807 4225 verhindern
846 4170 1034 4239 (s.111.
1066 4177 1150 4226 22.
1182 4173 1253 4238 5)
1312 4171 1482 4225 Casar

364 4239 693 4294 bezeichnet
719 4242 771 4295 b.
803 4258 849 4294 c.
884 4241 924 4295 Ι.
955 4247 1004 4296 9.
1035 4247 1065 4296 5
1105 4243 1188 4296 als
1224 4259 1335 4296 von
1363 4242 1483 4295 ihm

363 4311 629 4378 gestellte
645 4310 1065 4392 Forderungen:
1087 4313 1168 4366 Pr
1170 4315 1482 4380 oficiscatur

358 4381 652 4449 Pompeius
697 4382 760 4434 in
805 4397 936 4436 suas
974 4384 1320 4452 provincias,
1369 4385 1482 4453 ipsi

1603 2397 1718 2450 und
1774 2396 1879 2452 wie
1932 2396 2219 2450 Considius
2271 2397 2558 2451 Nonianus
2606 2399 2723 2452 An-

1604 2468 1818 2536 hanger
1863 2466 1963 2522 des
1999 2467 2317 2537 Pompejus.
2358 2499 2422 2507 —
2463 2484 2635 2537 neque
2670 2486 2726 2524 se

1601 2540 1714 2593 iam
1760 2540 1890 2593 velle
1933 2539 2054 2609 eta]
2112 2541 2336 2594 obwohl
2390 2539 2509 2592 ihm
2568 2539 2724 2595 diese

1599 2609 1917 2664 Ausnahme
2001 2611 2176 2664 durch
2249 2609 2723 2680 Volksbeschlul's

1599 2679 1875 2749 bewilligt
1927 2681 2154 2735 worden
2211 2698 2353 2748 war,
2411 2681 2603 2736 wollte
2660 2699 2722 2736 er

1600 2751 1719 2805 sich
1794 2753 1892 2804 der
1964 2751 2340 2821 gesetzlichen
2400 2752 2719 2807 Vorschrift

1596 2822 1770 2890 ffigen
1834 2826 1908 2887 (se
1962 2839 2144 2891 praes.
2200 2825 2332 2877 trin.
2374 2825 2723 2894 petiturum).

1600 2893 1868 2948 S.z.111.
1908 2899 1992 2949 25.
2033 2898 2082 2949 5.
2131 2924 2198 2934 —-
2250 2895 2466 2949 absente
2499 2895 2578 2965 se]
2619 2897 2720 2950 der

1596 2964 1722 3019 Abl.
1754 2966 1870 3019 abs.
1900 2965 2076 3019 findet
2111 2964 2231 3019 sich
2268 2965 2538 3019 zuweilen
2576 2967 2717 3020 statt

1598 3036 1695 3089 des
1742 3036 1890 3090 Part.
1949 3036 2090 3104 conj.
2179 3036 2343 3103 (auch
2397 3052 2560 3090 wenn
2612 3038 2721 3091 das

1595 3104 1834 3174 Subjekt
1889 3107 1986 3160 des
2040 3107 2417 3161 Nebensatzes
2474 3106 2723 3177 SubJ‘ekt

1595 3178 1692 3231 des
1755 3176 2133 3246 Hauptsatzes
2197 3179 2319 3247 ist,)
2396 3195 2556 3233 wenn
2622 3179 2714 3233 die

1593 3247 1897 3317 Handlung
1959 3249 2057 3303 des
2120 3248 2500 3303 Nebensatzes
2565 3250 2715 3304 selb-

1595 3321 1881 3403 standiger
1916 3321 2304 3374 hervortreten
2349 3319 2470 3374 soll.
2509 3351 2578 3360 —
2615 3338 2712 3375 ra-

1593 3391 1791 3444 tionem
1843 3392 2026 3462 suam]
2085 3392 2184 3444 das
2239 3391 2523 3446 Possessiv
2573 3395 2717 3446 statt

1595 3462 1694 3516 des
1732 3459 1867 3515 Gen.
1907 3462 2018 3532 obj.
2056 3493 2127 3501 —
2165 3462 2490 3531 Accepimus
2525 3464 2712 3517 condi-

1594 3533 1794 3603 ciones]
1852 3520 2003 3587 Uber
2048 3534 2156 3587 den
2202 3534 2389 3586 Inhalt
2437 3533 2537 3587 der
2573 3537 2711 3587 Ant·

1595 3607 1735 3657 wort
1772 3603 1942 3658 heifst
1977 3621 2036 3658 es
2072 3605 2166 3657 bei
2195 3603 2364 3658 Casar
2391 3604 2442 3658 b.
2476 3621 2522 3658 c.
2551 3604 2592 3658 Ι.
2618 3610 2703 3658 10:

1597 3674 1797 3730 Caesar
1876 3676 1941 3728 in
2018 3674 2263 3730 Galliam
2339 3681 2711 3743 reverteretur,

1591 3747 1850 3800 Arimino
1886 3748 2178 3814 excederet,
2225 3749 2492 3801 exercitus
2527 3748 2710 3802 dimit-

1588 3821 1733 3885 teret,
1769 3834 1908 3887 quae
1943 3818 1995 3872 si
2028 3818 2253 3886 fecisset,
2295 3817 2613 3886 Pompeium
2647 3819 2710 3873 in

1587 3887 1929 3956 Hispaniam
1974 3889 2235 3943 iturum.
2277 3932 2289 3944 .
2330 3904 2495 3943 .non
2537 3889 2706 3943 inter-

1587 3961 1850 4014 missuros
1885 3962 2130 4015 consules
2166 3930 2584 4029 Pompeiumque
2620 3962 2706 4015 de-

1590 4032 1768 4085 lectus.
1830 4029 2021 4085 Cicero
2051 4035 2178 4100 sagt
2211 4030 2452 4085 daruber
2489 4032 2561 4085 ad
2589 4030 2704 4086 Att.

1593 4101 1711 4157 VII.
1763 4107 1845 4156 14.
1898 4107 1953 4155 1.
2013 4102 2261 4158 Probata
2310 4103 2558 4157 condicio
2613 4107 2709 4169 est,

1588 4172 1681 4227 sed
1715 4173 1816 4240 ita,
1856 4177 1920 4227 ut
1955 4174 2049 4227 ille
2084 4175 2149 4227 de
2183 4174 2258 4227 iis
2292 4174 2533 4241 oppidis,
2569 4190 2707 4243 quae

1589 4251 1745 4298 extra
1768 4260 1925 4298 suam
1943 4246 2291 4313 provinciam
2320 4246 2705 4313 occupavisset,

1581 4317 1873 4383 praesidia
1910 4316 2205 4370 deduceret.
2277 4316 2339 4369 id
2383 4316 2435 4370 si
2478 4316 2703 4382 fecisset,

1587 4402 1904 4455 responsum
1947 4391 2023 4440 est
2068 4387 2144 4442 ad
2187 4387 2372 4441 urbem
2415 4401 2518 4442 nos
2560 4388 2702 4442 redi·
