3000 4917
478 239 605 302 190
1300 237 1432 291 LIB.
1471 236 1565 291 111.
1630 235 1857 291 EPIST.
1896 242 1981 291 28.

473 405 665 484 atque
720 422 1080 464 nervorum.
1172 398 1240 464 Si
1297 400 1467 464 enim
1523 401 1681 464 bene
1742 401 1979 464 sentire
2034 403 2331 483 recteque
2383 400 2596 465 facere
2651 402 2821 465 satis

472 494 571 553 est
618 489 696 553 ad
744 489 906 553 bene
952 489 1264 572 beateque
1311 489 1681 573 vivendum,
1725 511 1978 571 vereor,
2023 509 2104 552 ne
2151 510 2325 573 eum,
2373 490 2484 573 qui
2530 511 2599 554 se
2646 492 2823 573 opti-

473 601 725 643 morum
763 578 1180 643 consiliorum
1218 577 1611 642 conscientia
1649 582 2016 642 sustentare
2053 578 2278 660 possit,
2325 579 2635 643 miserum
2677 601 2823 643 esse

469 667 655 731 nefas
710 669 798 731 sit
851 668 1074 732 dicere.
1173 665 1236 729 N
1239 688 1311 731 ec
1365 668 1537 730 enim
1597 688 1715 730 nos
1782 667 2063 730 arbitror
2126 667 2437 731 victoriae
2501 668 2821 750 praemiis

471 757 695 821 ductos
733 757 1009 838 patriam
1049 756 1205 819 olim
1243 761 1308 819 et
1343 756 1583 820 liberos
1620 760 1685 819 et
1720 754 2014 819 fortunas
2051 754 2416 840 reliquisse3
2464 756 2576 821 sed
2615 757 2819 840 quod-

472 845 620 908 dam
676 844 863 909 nobis
921 844 1204 909 officium
1256 844 1496 908 iustum
1555 848 1619 907 et
1674 844 1850 927 pium
1907 848 1972 908 et
2029 844 2319 908 debitum
2367 845 2463 908 rei
2509 845 2818 929 publicae

470 939 856 1018 nostraeque
897 933 1199 1017 dignitati
1243 932 1620 998 videbamur
1667 934 1867 1016 sequi,
1913 953 2046 1015 nec,
2093 954 2236 996 cum
2281 932 2346 995 id
2392 934 2820 1017 faciebamuS,

406 1026 606 1092 4tam
655 1045 911 1086 eramus
959 1025 1265 1105 amenteS,
1310 1026 1382 1084 ut
1428 1022 1761 1105 explorata
1804 1022 1994 1085 nobis
2042 1028 2212 1085 esset
2255 1022 2551 1105 victoria3
2616 1045 2821 1106 quare

472 1112 528 1175 si
572 1111 640 1174 id
687 1112 917 1193 evenit,
965 1111 1133 1195 quod
1180 1111 1695 1195 ingredientibus
1743 1110 1930 1174 nobis
1978 1110 2047 1173 in
2092 1131 2355 1174 causam
2400 1114 2817 1194 propositum

469 1199 596 1264 fuit
642 1199 929 1263 accidere
976 1220 1183 1282 posse,
1228 1221 1360 1262 non
1407 1198 1710 1263 debemus
1757 1199 1854 1263 ita
1901 1199 2125 1263 cadere
2164 1199 2417 1282 animis,
2464 1201 2658 1283 quasi
2700 1200 2818 1264 ali-

469 1288 620 1372 quid
677 1289 987 1371 evenerit,
1053 1288 1223 1371 quod
1283 1288 1423 1351 fieri
1490 1310 1679 1372 posse
1743 1309 2076 1371 nunquam
2123 1288 2500 1371 putarimus.
2598 1286 2817 1353 Simus

468 1377 673 1461 igitur
720 1398 795 1441 ea
842 1381 1077 1462 mente,
1121 1398 1316 1461 quam
1362 1378 1530 1441 ratio
1579 1380 1643 1440 et
1688 1377 1927 1440 veritas
1975 1376 2373 1460 praescribit,
2419 1381 2492 1441 ut
2533 1377 2709 1441 nihil
2750 1379 2816 1442 in

471 1466 604 1528 vita
659 1465 851 1530 nobis
906 1466 1365 1549 praestandum
1423 1470 1680 1549 praeter
1723 1465 1983 1548 culpam
2031 1469 2358 1549 putemne,
2415 1486 2621 1549 eaque
2671 1488 2819 1531 cum

468 1575 829 1632 careamuS,
877 1556 1095 1619 omnia
1138 1555 1424 1618 humana
1469 1555 1722 1638 placate
1770 1558 1836 1617 et
1880 1554 2210 1618 moderate
2255 1553 2557 1617 feramus.

646 1643 860 1727 Atque
907 1644 1066 1708 haec
1112 1665 1186 1708 eo
1234 1644 1518 1727 pertinet
1564 1642 1792 1725 oratio,
1838 1649 1911 1705 ut
1954 1643 2222 1726 perditis
2263 1643 2457 1706 rebus
2507 1644 2818 1709 omnibus

467 1736 687 1796 tamen
732 1733 880 1816 ipsa
925 1734 1134 1796 virtus
1176 1754 1243 1796 se
1284 1735 1648 1796 sustentare
1685 1753 1875 1814 posse
1915 1732 2232 1813 videatur3
2281 1731 2392 1794 sed
2432 1732 2486 1795 si
2525 1736 2630 1795 est
2669 1754 2819 1815 spes

470 1822 687 1905 aliqua
735 1822 812 1885 de
858 1823 1050 1885 rebus
1090 1821 1560 1903 communibuS,
1606 1842 1682 1884 ea
1719 1824 1811 1903 tu,
1859 1821 2222 1904 quicunque
2260 1823 2466 1884 status
2507 1824 2608 1884 est
2645 1821 2819 1886 futu-

406 1914 597 1993 5rus,
643 1932 859 1974 carere
905 1933 1037 1975 non
1084 1910 1298 1974 debes.
1372 1908 1584 1993 Atque
1626 1909 1786 1973 haec
1834 1909 1995 1972 mihi
2042 1909 2348 1973 scribenti
2393 1908 2705 1973 veniebat
2751 1911 2818 1974 in

468 2003 771 2082 mentem,
818 2021 918 2063 me
959 2020 1098 2063 esse
1137 2021 1301 2080 eum,
1347 1999 1529 2062 cuius
1568 2001 1640 2061 tu
1679 1998 2195 2081 desperationem
2235 2019 2535 2062 accusare
2575 1999 2813 2064 solitus

468 2108 642 2151 esses
691 2109 1008 2172 quemque
1057 2087 1440 2152 auctoritate
1485 2091 1602 2152 tua
1648 2090 2057 2151 cunctantem
2105 2091 2170 2150 et
2207 2085 2611 2151 diffidentem
2647 2089 2813 2152 exci-

467 2179 628 2240 tare.
729 2175 869 2250 Quo
927 2176 1183 2260 quidem
1248 2179 1539 2259 tempore
1604 2196 1735 2239 non
1801 2195 1919 2260 ego
1988 2197 2249 2239 causam
2313 2179 2635 2259 nostram,
2704 2177 2815 2240 sed

468 2264 808 2329 consilium
873 2264 1348 2348 improbabam3
1425 2287 1570 2328 sero
1635 2264 1805 2327 enim
1869 2285 1990 2328 nos
2060 2265 2144 2328 iis
2210 2263 2409 2327 armis
2483 2264 2813 2329 adversari

466 2353 782 2437 videbam,
831 2375 994 2438 quae
1040 2354 1245 2419 multo
1295 2358 1444 2417 ante
1491 2353 1874 2418 confirmata
1920 2375 2036 2436 per
2079 2357 2335 2418 nosmet
2379 2353 2557 2434 ipsos
2609 2360 2812 2436 erant,

467 2442 888 2527 dolebamque
925 2443 1078 2528 pilis
1126 2446 1191 2506 et
1238 2442 1494 2527 gladiis,
1539 2463 1672 2505 non
1719 2441 2008 2506 consiliis
2057 2463 2262 2525 neque
2311 2442 2810 2506 auctoritatibus

465 2531 542 2595 de
598 2532 735 2596 iure
794 2533 1052 2616 publico
1110 2532 1475 2615 disceptari.
1568 2529 1793 2614 Neque
1851 2551 1969 2615 ego
2028 2551 2131 2608 ea,
2188 2552 2350 2614 quae
2405 2529 2580 2594 facta
2637 2538 2811 2614 sunt,

462 2620 603 2684 fore
651 2643 795 2685 cum
844 2621 1154 2703 dicebam,
1202 2619 1572 2684 divinabam
1619 2620 1863 2702 futura,
1917 2619 2052 2702 sed,
2101 2619 2271 2703 quod
2318 2622 2384 2683 et
2429 2619 2572 2683 fieri
2618 2642 2808 2704 posse

466 2714 532 2774 et
579 2710 924 2774 exitiosum
964 2709 1120 2792 fore,
1167 2710 1222 2772 si
1260 2709 1602 2791 evenisset,
1645 2708 1961 2791 videbam,
2008 2708 2072 2771 id
2119 2729 2200 2771 ne
2247 2706 2580 2791 accideret,
2628 2709 2811 2772 time-

465 2798 635 2878 bam,
681 2799 1063 2881 praesertim
1111 2819 1273 2879 cum,
1321 2798 1374 2861 si
1423 2797 1586 2861 mihi
1633 2797 1906 2860 alterum
1955 2800 2171 2861 utrum
2219 2796 2294 2860 de
2342 2799 2574 2860 eventu
2617 2801 2808 2881 atque

465 2887 639 2950 exitu
705 2907 920 2949 rerum
985 2886 1491 2970 promittendum
1556 2888 1753 2965 esset,
1826 2885 1891 2948 id
1957 2884 2272 2967 futurum,
2336 2884 2508 2970 quod
2574 2888 2810 2969 evenit,

463 3128 837 3185 Grundsatze=
904 3133 1030 3186 bene
1087 3133 1285 3186 sentire
1336 3138 1576 3201 recteque

462 3203 638 3268 facere
663 3218 705 3257 8.
736 3218 777 3258 e.
809 3204 884 3257 ad
912 3204 958 3258 b.
989 3205 1235 3272 beateque
1269 3204 1573 3257 vivendum.

463 3271 600 3327 Wer
644 3274 764 3328 also
807 3273 897 3328 ein
936 3275 1097 3343 gutes
1136 3272 1422 3327 Gewissen
1458 3275 1575 3339 hat,

464 3344 563 3398 der
613 3344 688 3399 ist
732 3346 891 3400 nicht
936 3344 1313 3414 unglt'icklich.
1354 3374 1420 3383 —-
1459 3344 1578 3398 Nec

462 3418 604 3470 enim
630 3417 752 3487 nos]
786 3416 935 3470 Statt
967 3416 1067 3470 der
1095 3433 1163 3468 zu
1191 3415 1577 3469 erwartenden

462 3487 795 3556 assumptiox
865 3487 989 3540 ‘wir
1044 3486 1178 3540 aber
1229 3485 1413 3539 haben
1467 3492 1575 3554 opt.

461 3574 602 3612 cone.
649 3559 1053 3613 conscientiam’
1103 3556 1250 3625 folgt
1295 3554 1385 3610 die
1425 3555 1577 3617 dieee

460 3628 920 3683 voraussetzende
995 3627 1373 3697 Begrfindung
1453 3629 1575 3681 der-

462 3698 654 3754 selben
691 3700 804 3753 und
841 3697 946 3752 mit
980 3715 1077 3753 nec
1104 3715 1226 3753 cum
1251 3699 1312 3753 id
1342 3700 1453 3765 fac.
1484 3696 1577 3752 ein

458 3769 716 3825 weiterer
770 3769 1130 3839 Trostgrund.
1218 3768 1332 3823 Das
1390 3768 1574 3824 Ganze

460 3842 596 3895 wird
627 3842 774 3895 dann
802 3842 906 3894 mit
930 3843 1100 3896 simus
1126 3842 1302 3910 ἐρίων
1321 3857 1385 3895 ea
1403 3847 1574 3895 mente

458 3912 1005 3968 zusammenfassend
1035 3911 1482 3981 abgeschlossen.
1507 3943 1572 3951 -

458 3984 609 4056 olim]
640 3983 722 4038 als
751 3984 829 4037 sie
859 3984 947 4036 ffir
975 3983 1066 4037 die
1088 3983 1266 4037 Sache
1294 3985 1390 4037 des
1410 3982 1573 4038 Pom-

456 4055 616 4124 pejus
654 4055 744 4109 die
781 4054 1004 4109 Waffen
1041 4054 1313 4123 ergriffen.

528 4131 577 4179 4.
616 4128 762 4181 ratio
799 4132 848 4180 et
883 4126 1108 4196 veritas]
1148 4125 1423 4180 Vernunft
1457 4126 1572 4178 und

457 4194 874 4263 Wirklichkeit,
913 4198 965 4249 d.
995 4197 1031 4251 i.
1066 4196 1155 4250 die
1194 4198 1382 4250 wahre
1419 4195 1572 4264 Lage

460 4266 558 4317 der
594 4264 703 4319 Din
745 4283 789 4319 e.
822 4299 886 4306 -
914 4267 1330 4337 praestandum]
1370 4285 1410 4321 e.
1440 4267 1572 4321 den-

462 4335 649 4388 selben
746 4337 998 4391 edanken
1035 4337 1130 4390 III.
1170 4341 1218 4392 ὅ.
1259 4343 1305 4391 5.
1346 4369 1415 4378 —
1445 4354 1571 4406 per-

460 4404 594 4457 ditis
647 4421 690 4457 r.
739 4406 903 4475 omn]
962 4407 1271 4476 Gegensatz
1326 4425 1393 4460 zu
1443 4410 1571 4462 dem

1683 3130 1818 3198 folg.
1874 3130 1925 3183 si
1978 3136 2054 3184 est
2108 3131 2297 3199 aliqua
2351 3146 2469 3198 spes
2523 3156 2593 3175 ===
2646 3147 2810 3201 sogar

1677 3202 1832 3270 perd.
1868 3218 1915 3255 r.
1952 3217 1998 3255 0.
2032 3203 2095 3268 (s.
2128 3202 2215 3255 ob.
2245 3203 2501 3255 interitus
2536 3203 2805 3270 omnium)

1685 3271 1882 3326 diirfen
1910 3270 2013 3325 wir
2039 3272 2200 3327 nicht
2225 3272 2606 3338 verzweifeln3
2646 3290 2809 3327 wenn

1686 3342 1821 3397 aber
1856 3360 1969 3396 nun
2007 3344 2151 3397 auch
2187 3345 2331 3398 noch
2368 3343 2491 3396 eine
2520 3343 2807 3413 Hoffnung

1683 3413 1888 3479 bleibt‚
1932 3414 2113 3468 darfst
2148 3414 2222 3467 du
2260 3413 2391 3468 dich
2428 3414 2613 3469 dieser
2647 3415 2807 3469 nicht

1686 3485 1995 3539 entziehen.

1755 3560 1805 3609 5.
1844 3557 2004 3610 cuius
2040 3556 2126 3627 tu]
2167 3555 2481 3623 Torquatus
2521 3573 2640 3610 war
2673 3558 2807 3611 eher

1683 3627 1766 3681 als
1807 3626 2000 3682 Cicero
2038 3645 2101 3680 zu
2130 3626 2432 3695 Pompejus
2468 3628 2617 3681 nach
2649 3627 2805 3682 Gric-

1685 3697 1959 3751 chenland
2015 3714 2305 3768 gegangen
2342 3698 2457 3750 und
2494 3698 2659 3753 hatte
2698 3702 2804 3753 den

1684 3770 1827 3822 noch
1906 3768 2349 3823 schwankenden
2424 3767 2650 3823 Freund
2722 3786 2807 3823 er-

1680 3839 1894 3905 mahnt,
1924 3839 2042 3893 ihm
2073 3858 2137 3892 zu
2164 3840 2373 3907 folgen.
2398 3871 2463 3878 —
2485 3839 2804 3910 consilium]

1681 3911 1787 3965 mit
1841 3912 1949 3964 den
1997 3909 2214 3964 Waffen
2265 3926 2448 3979 gegen
2494 3912 2586 3964 die
2635 3928 2803 3965 anzu-

1679 3982 1973 4051 k‘ampfen,
2030 3981 2119 4035 die
2175 3980 2281 4035 mit
2336 3981 2464 4033 dem
2517 3980 2804 4036 Schwerte

1678 4052 1838 4107 nieht
1893 4071 1959 4106 zu
2005 4053 2264 4121 besiegen
2312 4069 2513 4106 waren.
2562 4083 2632 4093 —
2679 4069 2805 4107 con-

1678 4125 1922 4195 firmata]
1953 4121 2073 4177 Att.
2103 4124 2250 4179 Vm.
2281 4129 2329 4177 3.
2360 4130 2420 4177 3:
2465 4123 2671 4179 Omitto
2697 4126 2805 4178 illa

1678 4201 1884 4261 vetera,
1941 4196 2085 4264 quod
2137 4196 2305 4250 istum
2350 4193 2693 4263 (Caesarem)
2745 4197 2810 4248 in

1680 4282 1790 4319 rem
1819 4267 2102 4334 publicam
2138 4266 2232 4321 ille
2262 4265 2602 4335 (Pompeius)
2642 4267 2809 4331 aluit,

1680 4339 1859 4402 auxit,
1895 4339 2158 4392 armavit:
2194 4339 2287 4392 ille
2321 4338 2557 4391 absentis
2592 4338 2659 4391 in
2694 4353 2808 4391 om-

1679 4410 1843 4462 nibus
1870 4410 2094 4463 adiutor
2127 4414 2219 4463 cet.
2243 4439 2306 4448 —
2327 4409 2391 4462 de
2406 4408 2528 4462 iure
2547 4407 2807 4477 publico]
