3000 4917
416 267 506 331 54
1274 266 1406 324 LIB.
1443 267 1486 323 Ι.
1552 265 1777 325 EPIST.
1816 271 1898 321 18.

414 431 632 493 tecum
687 449 829 493 csse
883 429 1174 513 voluisti,
1235 430 1346 513 qui
1402 430 1589 513 quasi
1637 450 1714 493 ex
1760 429 2025 493 cohorte
2069 429 2393 513 praetoris
2441 430 2767 514 appellari

420 516 658 599 solent,
714 516 947 581 horum
1002 538 1132 581 non
1187 517 1381 582 modo
1437 518 1641 603 facta,
1697 518 1810 583 sed
1856 517 2051 581 etiam
2100 517 2273 582 dicta
2318 518 2536 582 omnia
2580 539 2767 602 prae-

422 605 657 670 standa
710 605 901 670 nobis
957 609 1127 672 sunt.
1218 604 1342 670 Sed
1396 605 1599 670 habes
1654 627 1765 670 eos
1820 609 2062 687 tecum,
2123 627 2285 689 quos
2331 606 2543 689 possis
2590 610 2768 672 recte

416 692 731 758 facientes
777 694 965 758 facile
1014 694 1309 779 diligere,
1364 695 1581 758 minus
1637 694 2048 760 consulentes
2095 694 2565 759 existimationi
2610 698 2768 759 tuae

416 781 729 847 facillime
767 803 1086 867 coercere;
1136 805 1174 847 a
1211 783 1463 867 quibus,
1507 783 1687 848 rudis
1735 804 1881 847 cum
1929 803 2123 865 esses,
2167 781 2421 847 videtur
2464 784 2766 867 potuisse

415 872 532 934 tua
584 869 945 935 liberalitas
1002 870 1235 955 decipi:
1304 893 1455 936 nam
1523 873 1598 934 ut
1653 872 1923 955 quisque
1982 874 2082 935 est
2132 870 2237 935 vir
2291 870 2603 955 optimus,
2669 873 2766 937 ita

415 957 796 1024 difficillime
843 981 984 1024 esse
1033 959 1195 1024 alios
1250 959 1586 1043 improbos
1644 960 2037 1043 suspicatur:
2092 980 2266 1024 nunc
2318 981 2470 1024 vero
2527 960 2767 1024 tertius

413 1044 521 1111 hic
567 1069 777 1111 annus
825 1047 1065 1113 habeat
1106 1049 1559 1132 integritatem
1604 1047 1874 1113 eandem
1919 1069 2113 1131 quam
2162 1049 2557 1131 superiorcS,
2615 1070 2768 1114 cau-

311 1135 396 1202 13
416 1134 652 1200 tiorem
701 1136 897 1200 etiam
945 1158 1019 1201 ac
1066 1135 1561 1221 diligentiorem.
1637 1134 1784 1201 Sint
1820 1157 2007 1200 aures
2044 1140 2213 1218 tuae,
2259 1157 2421 1219 quae
2459 1135 2544 1218 id,
2592 1137 2768 1221 quod

416 1224 709 1306 audiunt,
774 1223 1226 1289 existimentur
1282 1223 1530 1309 audire,
1592 1246 1727 1290 non
1791 1225 1859 1287 in
1917 1245 2078 1309 quas
2133 1224 2281 1289 ficte
2338 1228 2405 1289 et
2460 1222 2768 1290 simulate

413 1315 719 1398 quaestus
769 1334 966 1376 causa
1010 1314 1479 1399 insusurretur3
1538 1314 1625 1377 sit
1680 1313 1915 1377 anulus
1969 1315 2118 1377 tuus
2173 1333 2308 1376 non
2360 1316 2434 1376 ut
2479 1334 2598 1378 vas
2649 1315 2766 1377 ali-

413 1398 611 1484 quod,
667 1399 778 1464 sed
833 1405 1170 1485 tamquam
1221 1401 1360 1486 ipse
1406 1405 1510 1487 tu,
1563 1423 1694 1466 non
1740 1401 2037 1466 minister
2085 1401 2331 1465 alienae
2376 1401 2767 1485 voluntatis,

414 1488 528 1551 sed
590 1489 778 1553 testis
842 1494 1021 1573 tuae3
1086 1511 1392 1554 accensus
1453 1491 1542 1555 sit
1597 1511 1673 1555 eo
1729 1511 2021 1571 numer0,
2089 1510 2216 1572 quo
2285 1510 2428 1553 eum
2484 1489 2767 1556 maiores

412 1576 626 1641 nostri
678 1598 819 1641 esse
874 1580 1243 1661 voluerunt,
1299 1579 1410 1663 qui
1462 1578 1588 1642 hoc
1645 1599 1779 1643 non
1836 1579 1903 1641 in
1957 1577 2251 1641 beneficii
2305 1578 2476 1658 loco,
2534 1578 2650 1643 sed
2694 1580 2765 1643 in

410 1664 653 1729 laboris
712 1687 787 1730 ac
844 1667 1154 1750 muneris,
1209 1689 1341 1732 non
1395 1670 1642 1731 temere
1695 1667 1822 1731 nisi
1877 1665 2126 1731 libertis
2183 1665 2318 1730 suis
2364 1665 2764 1751 deferebant,

414 1753 649 1836 quibus
697 1754 793 1819 illi
842 1754 1100 1838 quidem
1146 1776 1278 1820 non
1323 1756 1532 1819 multo
1581 1776 1763 1820 secus
1811 1776 1887 1818 ac
1935 1754 2137 1819 servis
2182 1753 2621 1839 imperabant3
2680 1756 2770 1820 sit

413 1841 605 1906 lictor
659 1863 794 1906 non
842 1865 998 1907 suae
1047 1844 1157 1908 sed
1203 1848 1355 1909 tuae
1402 1844 1694 1908 lenitatis
1743 1842 2102 1927 apparitor,
2157 1843 2532 1925 maioraque
2579 1866 2768 1926 prae-

413 1930 629 1994 ferant
663 1930 871 1995 fasces
908 1932 1007 1995 illi
1045 1953 1120 1996 ac
1159 1952 1411 1996 secures
1449 1932 1792 2017 dignitatis
1829 1931 2118 2016 insignia
2155 1952 2349 2013 quam
2384 1932 2767 2015 potestatis:

411 2018 540 2082 toti
569 2019 839 2102 denique
869 2020 954 2083 sit
977 2019 1349 2102 provinciae
1378 2019 1714 2104 cognitum
1741 2020 1865 2084 tibi
1893 2019 2201 2101 omnium,
2230 2019 2462 2103 quibus
2492 2020 2769 2104 praesis,

414 2106 721 2192 salutem,
774 2107 1015 2172 liberos
1027 2158 1044 2190 ‚
1098 2107 1372 2191 famam,
1427 2109 1725 2173 fortunas
1783 2129 1921 2174 esse
1977 2107 2367 2172 carissimas.
2465 2106 2765 2193 Denique

408 2295 621 2351 Person
655 2297 746 2352 fiir
781 2296 873 2352 die
903 2297 1111 2353 Person
1146 2300 1321 2354 selbst
1358 2301 1526 2356 steht.

406 2366 510 2423 Die
548 2370 771 2425 convict.
811 2369 937 2423 sind
974 2370 1064 2425 die
1102 2370 1529 2426 contubernales

1637 2302 1914 2356 konnen“.
1971 2330 2039 2340 —
2094 2301 2168 2354 sit
2221 2315 2280 2354 eo
2333 2314 2577 2367 numero,
2627 2300 2760 2371 qao]

1637 2370 1784 2440 „sei
1836 2370 1976 2438 das,
2032 2372 2223 2424 was“.
2284 2400 2351 2409 —
2406 2370 2528 2441 hoc]
2587 2371 2763 2425 naml.

408 2440 544 2495 oder
573 2440 807 2495 comites
836 2441 1129 2510 praetoris,
1150 2442 1329 2512 junge
1352 2440 1528 2497 Leute

407 2527 507 2565 aus
562 2510 906 2566 vornehmen
956 2511 1259 2581 Familien,
1314 2512 1529 2568 welche

406 2581 630 2708 affl„
649 2581 1053 2708 {535333512
1085 2585 1408 2709 22222201535
1409 2584 1529 2708 ’ἓξὲξ

407 2722 518 2778 den
546 2722 849 2779 Gerichten
888 2723 1025 2777 oder
1062 2724 1146 2778 als
1173 2724 1531 2780 Teilnehmer

406 2807 481 2847 an
571 2793 1299 2863 Verwaltungsgeschaften
1408 2795 1530 2850 sich

406 2863 584 2917 selbst
627 2862 948 2933 Erfahrung
993 2864 1073 2917 im
1116 2864 1528 2921 Staatsdienste

405 2950 473 2987 zu
515 2934 786 2987 sammeln
835 2933 1340 3004 beabsichtigten“.
1416 2936 1530 2991 Der

408 3003 747 3058 Statthalter
793 3004 1001 3059 wahlte
1049 3003 1130 3059 sie
1187 3005 1390 3076 selbst,
1447 3005 1528 3062 sie

404 3073 634 3128 wurden
660 3075 796 3128 aber
814 3074 915 3129 auf
930 3075 1324 3132 Staatskosten
1341 3080 1527 3131 unter-

404 3142 602 3198 halten
647 3145 868 3213 (cohors
913 3149 1200 3214 praetoria
1249 3148 1358 3203 seit
1397 3149 1526 3202 dem

402 3215 673 3287 jungeren
713 3216 899 3286 Scipio
937 3219 1220 3289 genannt).
1277 3219 1527 3290 Appari·

403 3291 546 3343 tores
600 3302 787 3341 waren
843 3288 933 3343 die
990 3288 1232 3358 scribae,
1299 3306 1526 3346 nomen-

406 3357 674 3426 clatores,
710 3358 1019 3428 tabellarii,
1056 3375 1388 3430 praecones,
1426 3362 1525 3415 ha-

402 3427 672 3498 ruspices,
692 3429 900 3485 medici
917 3449 972 3485 u.
994 3448 1044 3486 a.
1068 3431 1524 3487 Unterbeamtcn.

402 3529 474 3540 —
510 3516 670 3569 quast
734 3501 860 3555 weil
897 3502 1097 3556 cohors
1165 3502 1412 3557 raetoria
1446 3501 1526 3555 im

402 3569 653 3695 {igenflb
708 3569 846 3694 ἰὲιιιὲ
875 3572 974 3695 dig3
1005 3573 1119 3627 Gar
1160 3573 1324 3697 012ch?
1360 3573 1525 3713 Feldj

446 3657 571 3695 errn
656 3657 805 3695 ezlc
848 3658 916 3696 ne
978 3684 990 3696 .
1051 3672 1118 3681 —
1175 3660 1207 3696 r
1284 3659 1494 3700 osae.

399 3711 482 3766 im
518 3714 707 3766 ersten
731 3710 766 3765 J
768 3711 902 3766 ahre
932 3713 1030 3767 der
1055 3712 1436 3784 Verwaltung.
1454 3745 1526 3754 —

399 3799 554 3838 nanc
589 3813 657 3823 —
696 3784 1119 3855 diliqcntiorem]
1169 3784 1314 3854 jetzt
1368 3783 1527 3838 wirst

402 3853 478 3908 du
506 3852 710 3909 ebenso
740 3854 1152 3909 rechtschaffen
1181 3856 1287 3911 wie
1314 3855 1523 3921 frffixer,

402 3925 538 3979 aber
572 3925 946 3994 vorsichtiger
985 3923 1121 3980 sein.

475 3999 561 4050 13.
625 3996 757 4051 Sint
803 4012 964 4050 awres
1009 3996 1129 4067 eta]
1184 3996 1296 4052 alle
1344 3996 1526 4051 sollen

402 4063 666 4133 glauben,
703 4066 827 4122 dass
866 4066 1030 4121 deine
1068 4066 1254 4122 Ohren
1291 4084 1399 4121 nur
1432 4067 1526 4121 fiir

404 4135 505 4189 das
535 4135 782 4203 geoffnet
810 4137 952 4208 sind,
984 4153 1099 4192 was
1129 4138 1208 4192 sie
1238 4137 1526 4192 unmittel-

403 4205 508 4259 bar
536 4205 712 4261 selbst
740 4209 933 4276 boren,
971 4207 1131 4263 nicht
1159 4209 1250 4262 fiir
1276 4208 1523 4277 gewinn-

404 4275 662 4344 sfichtige
707 4277 1120 4348 Zutragereien.
1186 4309 1254 4319 —
1318 4285 1383 4335 ut
1425 4295 1526 4335 vas

401 4346 654 4416 aliquod]
728 4346 837 4402 wie
916 4349 1114 4418 irgend
1178 4349 1269 4404 ein
1335 4348 1523 4417 (ἴοι-Εἲς,

400 4416 636 4483 „dessen
671 4417 790 4471 sich
827 4419 971 4472 auch
1009 4418 1215 4474 andere
1247 4419 1525 4475 bedienen

1637 2442 1788 2495 Amt.
1861 2440 1975 2494 Das
2011 2440 2596 2495 Pronomen·bezieht
2637 2441 2760 2495 sich

1637 2512 1760 2566 hier
1794 2511 1954 2565 nicht
1992 2511 2092 2565 auf
2124 2511 2217 2565 cin
2268 2511 2758 2593 vorhergehendes

1638 2581 1952 2650 substant„
2010 2582 2248 2636 sondern
2295 2582 2398 2636 auf
2438 2597 2605 2636 emen
2657 2581 2762 2636 Be-

1638 2652 1782 2723 griff‚
1821 2654 1920 2707 der
1956 2650 2078 2706 sich
2112 2668 2212 2706 aus
2241 2653 2368 2707 dem
2398 2652 2758 2707 Zusammen—

1637 2724 1822 2793 hange
1860 2722 2094 2794 ergiebt.
2151 2724 2312 2779 Tusc.
2354 2722 2394 2777 I.
2433 2728 2494 2776 4:
2531 2739 2656 2795 erqo
2693 2725 2757 2778 in

1641 2793 1882 2850 Graecia
1933 2794 2132 2849 musici
2191 2795 2524 2862 floraerwnt,
2587 2796 2756 2849 disce-

1637 2866 1873 2934 bantque
1926 2866 1988 2919 id
2036 2880 2233 2919 omnes.
2298 2895 2366 2904 —
2431 2866 2639 2921 laboris
2692 2881 2761 2920 ac

1634 2935 1901 3006 muneris]
1941 2934 2330 2990 arbeitsvolles
2367 2936 2517 2991 Amt.
2544 2966 2620 2976 —
2643 2952 2760 2991 non

1636 3007 1850 3131 alsnia]
1889 3003 2278 3131 ptigqsscssgiclggc
2289 3004 2756 3148 (Jeiffissssigglgrgg

1634 3148 1794 3201 nicht
1831 3147 1960 3202 dem
1998 3148 2157 3202 lictor
2193 3148 2314 3214 (der
2341 3146 2487 3200 auch
2516 3147 2607 3202 die
2635 3163 2762 3202 ver-

1634 3218 1886 3287 hangten
1950 3217 2345 3287 korperlichen
2400 3216 2626 3272 Strafen
2691 3236 2759 3272 ιιι

1635 3288 1948 3358 vollziehen
2009 3288 2217 3357 hatte),
2298 3288 2470 3343 Milde
2534 3289 2594 3343 in
2659 3289 2761 3343 der

1637 3359 1818 3414 Strafe
1857 3376 1924 3413 ιιι
1958 3359 2133 3427 uben,
2181 3359 2422 3414 sondern
2459 3359 2541 3413 sei
2579 3359 2759 3415 selbst

1636 3431 1808 3485 milde
1880 3430 1957 3483 im
2022 3429 2253 3486 Urteile.
2329 3460 2398 3469 —
2470 3430 2585 3500 illi]
2663 3429 2758 3485 die

1634 3499 1919 3556 Liktoren.
1969 3531 2036 3541 —
2083 3518 2150 3556 ac
2183 3503 2414 3569 sectores]
2451 3500 2558 3555 Die
2596 3502 2759 3556 sechs

1632 3570 1902 3626 Liktoren
1931 3573 2031 3627 der
2056 3572 2433 3639 Propratoren
2468 3573 2560 3625 tru
2602 3589 2674 3626 en
2701 3572 2761 3625 in

1633 3642 1732 3697 der
1777 3641 2016 3698 Provinz
2065 3641 2157 3696 die
2196 3641 2535 3696 Rutenbiind
2640 3643 2763 3697 mit

1633 3713 1871 3768 Beilen
1914 3729 2016 3767 vor
2061 3715 2170 3767 den
2211 3712 2586 3767 Statthaltern
2639 3712 2761 3769 her.

1634 3814 1702 3825 -—
1784 3785 1886 3839 toti
1965 3785 2095 3839 οἶαι·
2129 3801 2197 3838 ue
2275 3814 2342 3823 —
2416 3784 2758 3855 carissimas]

1633 3853 1914 3922 „Hiermit
1939 3854 2080 3908 wird
2236 3856 2600 3923 pracceptum
2621 3856 2765 3910 iiber

1634 3926 1741 3980 den
1778 3924 2009 3980 rechten
2047 3925 2343 3979 Gebrauch
2381 3926 2482 3980 der
2519 3924 2757 3994 Gewalt,

1631 3997 1800 4050 deren
1830 3995 2069 4051 Zeichen
2106 3995 2198 4050 die
2227 3994 2384 4050 Beile
2421 3996 2519 4050 des
2560 3994 2763 4051 Liktor

1633 4065 1776 4133 sind,
1816 4067 1877 4120 in
1913 4064 2529 4121 zusammenfassender
2567 4066 2758 4122 Weise

1633 4136 2009 4207 geschlossen.
2111 4137 2246 4191 Was
2312 4135 2518 4191 darauf
2582 4135 2758 4207 folgt:

1632 4209 1884 4277 Denique
1921 4238 1987 4248 —
2025 4208 2306 4277 futurum,
2353 4205 2614 4262 schliefst
2653 4209 2759 4262 mit

1634 4277 1788 4334 einer
1854 4277 2080 4348 allgem.
2144 4277 2464 4333 Vox-schrift
2532 4278 2758 4349 (fiber-

1632 4351 1874 4420 haupt)
1913 4349 2023 4403 den
2058 4365 2269 4418 ganzen
2304 4347 2459 4404 locus
2485 4350 2625 4404 fiber
2663 4349 2754 4403 die

1631 4421 1827 4490 notige
1901 4418 2407 4489 Beaufsichtigung
2489 4420 2589 4474 des
2662 4437 2757 4490 ge-

2964 3681 2969 3940 φ

2964 4197 2968 4272 1
