3000 4917
450 219 578 284 170
1216 220 1354 275 ΗΒ.
1390 219 1485 276 111.
1541 219 1766 275 EPIST.
1811 226 1893 279 19.
1930 225 2015 275 ιο.

448 382 517 449 Si
574 384 747 449 enim
801 384 1169 448 libertatem
1218 384 1571 468 sequimur,
1627 384 1737 469 qui
1781 384 1959 449 locus
2005 384 2128 450 hoc
2174 385 2511 449 dominatu
2556 384 2781 449 vacat?

446 473 549 538 sin
595 475 1099 558 qualemcunque
1144 474 1384 556 locum,
1436 493 1598 557 quae
1647 477 1749 538 est
1795 473 2148 539 domestica
2204 474 2350 539 sede
2403 473 2779 538 iucundior?

445 559 571 626 Sed
623 561 798 632 ,mihi
861 562 1075 645 crede,
1140 562 1337 626 etiam
1399 562 1483 645 ie,
1545 562 1656 646 qui
1721 563 1941 626 omnia
1994 566 2197 647 tenet,
2260 563 2436 627 favet
2492 562 2783 647 ingeniis,

443 650 855 716 nobilitatem
910 673 1060 716 vero
1117 653 1183 715 et
1237 650 1590 736 dignitates
1644 650 2009 734 hominum,
2078 656 2392 737 quantum
2450 652 2513 716 ei
2568 673 2672 715 res
2727 655 2785 715 et

442 740 648 823 ipsius
686 761 883 804 causa
920 741 1230 823 concedit,
1267 739 1698 824 amplectitur.
1763 738 1887 805 Sed
1923 741 2130 825 plura,
2170 763 2364 826 quam
2403 743 2784 825 statueram3

443 828 635 893 redeo
692 848 845 914 ergo
904 829 983 893 ad
1038 851 1238 894 unum
1292 828 1477 911 illud,
1534 849 1637 892 me
1687 831 1874 893 tuum
1923 851 2089 914 esse,
2145 830 2281 895 fore
2328 852 2476 895 cum
2523 830 2683 912 tuis,
2735 829 2785 893 si

443 917 632 982 modo
691 920 880 982 erunt
932 918 1057 1002 tui,
1113 917 1169 982 si
1223 919 1462 999 minuS,
1521 938 1624 981 me
1679 923 1853 983 certe
1908 918 1977 982 in
2032 920 2328 983 omnibus
2384 919 2586 984 rebus
2635 918 2783 982 satis

443 1010 710 1072 nostrae
757 1006 1201 1072 coniunctioni
1246 1007 1579 1091 amorique
1626 1005 1968 1072 facturum.
2055 1006 2240 1073 Vale.

1344 1241 1701 1309 EPISTULA
1745 1242 1887 1308 XX.

1363 1362 1471 1432 (Ad
1499 1363 1633 1420 fam.
1664 1364 1757 1419 IV.
1790 1367 1862 1434 7.)

1047 1487 1120 1543 M.
1161 1485 1421 1542 CICERO
1463 1488 1516 1542 S.
1555 1487 1623 1542 D.
1661 1488 1735 1544 M.
1772 1486 2184 1544 MARCELLO.

382 1618 416 1681 1
616 1614 764 1680 Etsi
794 1636 868 1679 eo
897 1617 962 1679 te
992 1614 1200 1680 adhuc
1230 1616 1504 1681 consilio
1533 1638 1721 1680 usum
1751 1616 2084 1702 intellego,
2119 1618 2194 1679 ut
2220 1616 2286 1680 id
2322 1615 2785 1700 reprehendere

439 1724 571 1768 non
617 1704 906 1783 audeam,
953 1726 1083 1769 non
1132 1705 1289 1789 quin
1336 1706 1418 1769 ab
1468 1725 1544 1769 eo
1591 1705 1731 1789 ipse
1779 1705 2178 1789 dissentiam,
2225 1705 2337 1770 sed
2384 1705 2560 1788 quod
2612 1725 2686 1769 ea
2728 1707 2784 1767 te

443 1793 763 1876 sapientia
800 1814 940 1858 esse
977 1794 1271 1875 iudicem,
1316 1796 1391 1856 ut
1428 1814 1643 1858 meum
1682 1794 2019 1859 consilium
2056 1816 2184 1859 non
2227 1798 2629 1877 anteponam
2665 1801 2787 1873 tun,

436 1885 658 1946 tamen
714 1885 779 1946 et
834 1882 1158 1947 amicitiae
1212 1886 1477 1947 nostrae
1534 1886 1824 1947 vetustas
1882 1886 1949 1947 et
2003 1886 2118 1947 tua
2173 1904 2427 1947 summa
2486 1902 2650 1967 erga
2693 1902 2785 1945 me

434 1969 913 2055 benevolentia,
969 1992 1132 2055 quae
1187 1970 1349 2035 mihi
1404 1972 1536 2035 iam
1598 1994 1636 2035 a
1689 1972 1971 2055 pueritia
2026 1975 2138 2036 tua
2194 1972 2457 2055 cognita
2509 1975 2639 2050 est,
2694 1990 2784 2033 me

435 2058 701 2124 hortata
749 2063 866 2141 est,
909 2062 986 2123 ut
1031 2081 1108 2123 ea
1153 2060 1500 2125 scriberem
1549 2060 1629 2124 ad
1675 2066 1758 2144 te,
1805 2082 1966 2145 quae
2014 2065 2080 2125 et
2126 2061 2325 2124 saluti
2367 2065 2525 2125 tuae
2567 2059 2787 2125 condu-

439 2169 582 2211 cere
630 2147 985 2212 arbitrarer
1030 2152 1097 2213 et
1140 2170 1275 2213 non
1322 2149 1537 2213 aliena
1583 2170 1722 2213 esse
1770 2150 2065 2214 ducerem
2114 2172 2152 2213 a
2200 2149 2542 2234 dignitate.

374 2236 416 2302 2
612 2235 758 2322 Ego
806 2258 952 2300 eum
997 2242 1061 2300 te
1115 2259 1284 2321 esse,
1340 2238 1448 2321 qui
1493 2238 1730 2303 horum
1776 2239 2095 2303 malorum
2141 2238 2333 2302 initia
2378 2239 2594 2303 multo
2644 2240 2784 2302 ante

436 2325 701 2409 videris,
762 2326 1175 2391 consulatum
1230 2326 1877 2410 magnificentissime
1934 2332 2127 2411 atque
2184 2327 2425 2410 optime
2493 2326 2783 2411 gesseriS,

437 2415 761 2498 praeclare
809 2415 1101 2499 memini3
1150 2415 1262 2480 sed
1307 2416 1478 2479 idem
1518 2416 1714 2480 etiam
1753 2416 1866 2481 illa
1903 2417 2055 2499 vidi,
2099 2437 2307 2501 neque
2341 2418 2406 2479 te
2445 2416 2782 2480 consilium

438 2503 647 2568 civilis
708 2505 862 2569 belli
922 2506 1016 2569 ita
1082 2506 1346 2590 gerendi
1414 2526 1535 2569 nec
1600 2505 1818 2589 copias
1875 2502 1990 2570 Cn.
2047 2504 2336 2588 Pompeii
2399 2525 2524 2568 nec
2591 2523 2780 2588 genus

438 2594 750 2658 exercitus
789 2594 1065 2677 probare
1104 2615 1481 2677 semperque
1521 2615 1768 2658 summe
1808 2593 2125 2658 diffidere:
2174 2616 2301 2678 qua
2346 2593 2414 2657 in
2462 2592 2782 2657 sententia

439 2703 541 2745 me
588 2704 840 2768 quoque
885 2683 1086 2747 fuisse
1132 2684 1446 2747 memoria
1502 2688 1723 2746 tenere
1779 2685 1846 2747 te
1903 2683 2201 2747 arbitror.
2290 2681 2529 2767 Itaque
2586 2700 2781 2765 neque

434 2775 507 2833 tu
555 2772 833 2836 multum
879 2771 1234 2836 interfuisti
1280 2772 1473 2836 rebus
1522 2772 1817 2855 gerendis
1865 2776 1930 2836 et
1976 2793 2098 2858 ego
2135 2772 2202 2835 id
2245 2792 2498 2853 semper
2543 2771 2665 2854 egi,
2708 2789 2780 2832 ne

433 2858 834 2923 interessem.
916 2859 1068 2925 Non
1125 2861 1296 2925 enim
1351 2861 1432 2924 iis
1486 2859 1680 2924 rebus
1735 2860 2216 2945 pugnabamus,
2281 2860 2515 2945 quibus
2580 2858 2781 2924 valere

433 3050 815 3120 Verbannung
869 3070 938 3105 zu
999 3052 1181 3107 leben.
1236 3084 1303 3093 —
1358 3054 1558 3107 nobili-

433 3127 597 3175 tatem
642 3126 693 3175 et
728 3123 1048 3194 diynitates]
1091 3124 1222 3178 ‘den
1259 3123 1406 3179 Adel
1443 3123 1557 3177 und

433 3193 716 3246 Personen
777 3209 890 3247 von
951 3192 1344 3249 Distinktion’.
1449 3193 1555 3249 Die

433 3261 799 3332 Eigenschaft
844 3264 934 3318 ffir
975 3264 1069 3319 die
1104 3266 1338 3333 Person,
1385 3265 1555 3320 deren

433 3333 639 3389 Weeen
680 3334 762 3390 sie
793 3337 1089 3390 ausmacht
1115 3336 1404 3406 (N‘agelsb.
1429 3336 1551 3391 Stil.

435 3411 465 3471 ξ
506 3408 612 3476 14).
669 3406 797 3477 Vgl.
838 3428 883 3463 ι.
922 3407 963 3463 I.
1006 3413 1087 3462 18.
1133 3414 1217 3462 12.
1264 3439 1333 3448 -
1377 3424 1463 3463 res
1493 3450 1506 3462 .
1540 3450 1552 3463 .

433 3478 625 3549 causa]
665 3479 779 3547 vgl.
808 3497 875 3532 zu
902 3479 972 3533 II.
1001 3484 1088 3533 23.
1119 3484 1169 3534 3.
1206 3478 1316 3533 Res
1353 3478 1554 3549 (Sing.)

434 3548 738 3619 allgemein
791 3549 882 3604 die
930 3549 1337 3615 Verhaltnisse,
1384 3567 1555 3606 caasa

434 3619 632 3674 Casars
687 3620 882 3690 eigene
929 3622 1082 3689 Lage
1131 3622 1553 3690 (Parteisache).

435 3691 545 3745 Zur
595 3691 772 3747 Sache
819 3691 932 3762 vgl.
980 3692 1074 3745 ΙΙΙ.
1122 3698 1207 3748 21.
1256 3698 1313 3746 3:
1380 3694 1556 3747 multa

433 3765 577 3817 enim
593 3765 791 3819 victori
808 3770 900 3817 etc.
924 3795 990 3803 -
1009 3766 1103 3819 sed
1119 3765 1317 3835 plura]
1348 3763 1554 3819 ebenso

432 3836 549 3890 Att.
589 3833 734 3891 VIII.
774 3841 825 3890 9.
864 3842 920 3889 2:
970 3836 1064 3889 sed
1100 3837 1346 3904 apertius
1382 3839 1557 3903 (nam-

432 3906 546 3960 lich
584 3907 811 3976 loquor),
862 3924 1027 3977 quam
1061 3924 1463 3976 proposueram.
1487 3938 1555 3946 ——

431 3979 483 4031 si
509 3979 665 4034 modo
690 3984 851 4033 erunt
878 3979 986 4050 tui]
1016 3965 1166 4032 Uber
1190 3978 1282 4033 die
1301 3977 1556 4047 Haltung

434 4048 533 4103 der
563 4049 937 4104 Verwandten
973 4051 1073 4104 des
1101 4048 1401 4104 Marcellus
1438 4051 1552 4118 vgl.

434 4119 540 4173 den
579 4118 801 4174 Schlul's
840 4120 938 4174 des
975 4120 1111 4189 folg.
1151 4119 1379 4174 Briefes.

502 4188 674 4245 Emer.
710 4191 828 4244 XX.
887 4192 1030 4260 (¹708.
1070 4194 1180 4254 46.)
1249 4191 1364 4245 Der
1398 4190 1558 4245 Brief

433 4258 511 4312 ist
546 4260 678 4313 bald
714 4261 861 4315 nach
896 4263 1024 4316 dem
1053 4261 1552 4331 vorhergehenden

432 4329 798 4396 geschrieben
869 4332 983 4385 und
1054 4332 1362 4387 behandelt
1425 4349 1549 4387 aus-

431 4398 742 4453 ffihrlicher
779 4402 1082 4456 denselben
1122 4403 1495 4472 Gegenstand.

1742 3058 1787 3107 1.
1827 3068 1886 3106 eo
1931 3052 2158 3107 consilio
2202 3068 2363 3106 usum
2397 3052 2528 3123 int]
2582 3050 2677 3106 bei
2711 3047 2778 3104 ei·

1665 3140 1791 3177 nem
1819 3123 2183 3178 Entschlusse
2220 3124 2495 3176 beharren
2535 3124 2685 3177 sehe.
2715 3149 2775 3161 -

1663 3196 1756 3249 sed
1791 3196 1937 3263 quod
1967 3237 1977 3248 .
2010 3238 2022 3250 .
2051 3194 2311 3265 iudicem]
2358 3195 2457 3248 der
2492 3190 2776 3263 Konjunk-

1662 3265 1745 3319 tiv
1793 3267 2009 3320 anstatt
2054 3265 2152 3320 des
2195 3266 2255 3320 in
2300 3265 2483 3319 dieser
2529 3266 2777 3320 Satzver-

1661 3336 1916 3405 bindung
1955 3335 2429 3407 gebrauchlichen
2466 3333 2776 3391 Indikativs

1662 3425 1858 3477 wegen
1914 3408 2015 3463 der
2065 3408 2425 3477 abhangigen
2469 3408 2642 3461 Form
2686 3406 2774 3459 des

1662 3479 2035 3548 Hauptsatzes
2072 3485 2136 3533 ut
2166 3496 2280 3533 ‘non
2307 3480 2560 3545 audeam,
2596 3477 2773 3531 indem

1662 3549 1762 3604 der
1815 3550 2279 3619 konjunktionale
2325 3548 2646 3604 Nebensatz
2696 3545 2771 3600 als

1665 3621 1787 3675 Teil
1821 3620 1921 3674 der
1946 3621 2403 3690 Vorstellung
2429 3638 2498 3673 zu
2525 3618 2771 3674 betrach-

1661 3694 1761 3745 ten
1795 3690 1887 3746 ist.

1737 3769 1786 3816 2.
1833 3764 2005 3817 initia
2055 3781 2124 3817 m.
2171 3782 2223 3817 a.
2272 3763 2499 3834 videris]
2546 3782 2588 3817 s.
2635 3758 2767 3814 Einl.

1665 3853 1710 3888 ι.
1760 3834 1809 3888 J.
1860 3840 1946 3889 51.
1985 3865 2052 3874 —
2091 3851 2261 3904 neque
2315 3834 2386 3905 te]
2444 3851 2540 3888 zur
2594 3832 2769 3885 Wort-

1664 3905 1912 3974 stellung
1949 3906 2062 3974 vgl.
2100 3925 2145 3959 ι.
2183 3905 2250 3960 Π.
2288 3909 2337 3960 4.
2373 3936 2440 3945 -
2478 3907 2563 3959 ita
2596 3917 2768 3973 yeren·

1662 3977 1746 4048 de]
1794 3977 2041 4031 namlich
2090 3994 2177 4045 so,
2234 3975 2355 4030 dass
2398 3992 2529 4030 man
2577 3973 2767 4029 ltalien

1662 4047 1935 4117 preisgab.
1978 4079 2045 4088 —
2083 4049 2270 4116 copias
2300 4049 2396 4101 On.
2428 4048 2616 4116 Pomp.
2656 4042 2765 4109 eta]

1658 4118 2014 4174 Wiederholt
2030 4119 2224 4173 urteilt
2250 4119 2443 4174 Cicero
2472 4115 2766 4188 ungfinstig

1657 4191 1797 4244 fiber
1824 4190 1916 4243 die
1945 4189 2306 4244 Streitkrafte
2336 4190 2432 4244 des
2455 4186 2761 4258 Pompejus.

1658 4263 1813 4315 Fam.
1842 4261 1974 4314 VlII
1995 4269 2051 4315 3:
2089 4278 2258 4331 neque
2291 4277 2521 4329 maynas
2549 4258 2763 4327 copias

1657 4349 1826 4402 neque
1884 4333 2166 4387 bellicosas
2174 4353 2195 4399 ,-
2256 4331 2553 4387 ebendort:
2613 4330 2761 4395 siym

1657 4405 1836 4459 tirone
1880 4409 1929 4458 et
1974 4405 2268 4459 collecticio
2313 4405 2616 4458 exercitu
2650 4412 2763 4453 cum
