3000 4917
1030 237 1087 294 C.
1129 237 1560 295 SCRIBONIUS
1599 238 1835 295 CURIO.
2380 276 2397 293 ι.
2479 241 2607 306 115

257 403 573 484 bunatus,
619 406 857 484 exopto
904 405 1097 486 teque
1141 400 1388 482 hortor,
1434 404 1510 465 ut
1555 402 1772 466 omnia
1810 402 2131 486 gubernes
2171 405 2236 465 et
2274 403 2606 468 moderere

256 491 610 576 prudentia
654 495 785 574 tua,
830 511 913 554 ne
947 493 1015 554 te
1055 490 1351 554 auferant
1388 490 1663 554 aliorum
1700 490 1991 555 consilia.
2082 489 2293 556 Nemo
2331 497 2449 575 est,
2497 493 2606 577 qui

246 579 377 644 tibi
434 578 793 662 sapientius
851 578 1119 643 suadere
1164 580 1375 662 possit
1418 582 1485 643 te
1540 579 1709 662 ips03
1757 600 2092 661 nunquam
2139 579 2381 663 labere,
2438 580 2494 645 si
2539 585 2605 645 te

254 666 494 733 audies.
586 667 738 732 Non
788 667 1001 731 scribo
1047 667 1174 731 hoc
1218 670 1486 749 temere;
1533 668 1636 732 cui
1682 667 1961 732 scribam
2008 667 2223 750 vide03
2271 669 2426 733 novi
2470 668 2606 733 ani·

252 779 460 841 mum,
514 757 667 820 novi
730 755 1070 821 consilium
1125 759 1338 840 tuum3
1392 777 1527 820 non
1580 777 1830 838 vereor,
1887 777 1969 819 ne
2017 756 2168 839 quid
2213 757 2470 841 timide,
2524 779 2605 822 ne

258 844 417 929 quid
464 844 667 909 stulte
712 844 937 927 facias,
982 844 1040 908 si
1087 865 1164 908 ea
1201 844 1524 928 defendeS,
1571 866 1733 928 quae
1771 844 1912 929 ipse
1948 850 2126 917 recta
2164 866 2304 909 esse
2343 845 2603 910 senties.

254 932 444 1009 Quod
471 933 542 997 in
567 933 662 997 rei
689 933 990 1016 publicae
1020 937 1279 1015 tempus
1307 954 1440 998 non
1467 932 1791 1015 incideris,
1822 933 1933 997 sed
1953 933 2223 1016 veneris,
2253 969 2336 980 -——
2366 934 2601 1000 iudicio
2621 934 2664 997 2

252 1023 429 1086 enim
484 1027 628 1105 tuo,
685 1042 819 1086 non
875 1043 1027 1087 casu
1080 1021 1149 1084 in
1192 1022 1404 1106 ipsum
1452 1021 1802 1086 discrimen
1846 1042 2060 1085 rerum
2109 1022 2445 1086 contulisti
2490 1023 2601 1087 tri-

253 1111 571 1176 bunatum
625 1114 809 1174 tuum
865 1146 979 1193 —‚
1037 1110 1329 1192 profecto
1386 1109 1592 1193 vides;
1655 1115 1900 1194 quanta
1958 1109 2055 1174 vis
2111 1110 2182 1173 in
2225 1132 2296 1174 re
2342 1111 2604 1194 publica

252 1203 623 1283 temporum
662 1199 764 1281 sit,
802 1201 1046 1282 quanta
1082 1198 1367 1263 varietas
1396 1220 1633 1281 rerum,
1671 1220 1864 1280 quam
1890 1199 2121 1263 incerti
2150 1199 2380 1281 exitus,
2406 1220 2603 1282 quam

251 1287 573 1352 flexibiles
618 1287 953 1351 hominum
998 1287 1398 1369 voluntates,
1444 1286 1598 1371 quid
1644 1286 2043 1369 insidiarum,
2092 1287 2246 1371 quid
2291 1289 2602 1352 vanitatis

251 1377 320 1441 in
378 1377 544 1459 vita,
601 1396 733 1440 non
793 1375 1015 1439 dubito
1080 1376 1234 1459 quin
1293 1376 1560 1461 cogiteS.
1666 1373 1817 1459 Sed,
1879 1375 2111 1439 amabo
2165 1379 2264 1458 te,
2322 1398 2477 1440 cura
2538 1380 2603 1440 et

253 1465 475 1550 cogita
526 1501 603 1510 —
653 1463 821 1527 nihil
858 1464 1026 1541 novi,
1067 1463 1179 1527 sed
1216 1464 1376 1527 illud
1414 1464 1603 1542 idem,
1650 1465 1819 1549 quod
1857 1464 2043 1527 initio
2083 1464 2343 1546 scripsi:
2389 1468 2602 1530 tecum

260 1552 547 1637 loquere,
590 1555 655 1616 te
695 1550 929 1616 adhibe
976 1552 1044 1616 in
1082 1552 1443 1637 consilium,
1486 1555 1552 1616 te
1590 1552 1759 1630 audi,
1806 1551 1928 1616 tibi
1967 1553 2371 1638 obtempera3
2410 1553 2603 1617 alteri

257 1642 370 1725 qui
416 1641 647 1705 melius
695 1640 1035 1706 consilium
1084 1640 1235 1704 dare
1281 1641 1495 1724 possit
1540 1662 1733 1723 quam
1778 1644 1870 1720 tu,
1916 1661 2049 1705 non
2095 1640 2285 1705 facile
2321 1641 2602 1705 inveniri

251 1732 501 1813 potest:
540 1729 666 1793 tibi
701 1751 854 1793 vero
891 1730 1020 1812 ipsi
1057 1732 1228 1793 certe
1266 1750 1457 1794 nemo
1496 1729 1727 1793 melius
1775 1729 1974 1792 dabit.
2041 1727 2127 1792 Di
2166 1728 2599 1794 immortales!

254 1839 369 1882 cur
414 1839 537 1902 ego
582 1839 719 1883 non
764 1818 992 1881 adsum
1029 1817 1131 1882 vel
1172 1821 1501 1901 spectator
1537 1817 1798 1881 laudum
1835 1820 2094 1882 tuarum
2133 1816 2236 1881 vel
2274 1818 2599 1901 particeps

249 1906 353 1970 vel
420 1906 634 1970 socius
681 1907 784 1971 vel
831 1906 1131 1971 minister
1177 1905 1640 1970 consiliorum?
1685 1906 1950 1970 tametsi
1996 1905 2119 1969 hoc
2165 1905 2431 1969 minime
2477 1906 2600 1969 tibi

253 1994 464 2079 deest,
503 1996 615 2059 sed
649 1998 871 2059 tamen
912 1994 1194 2059 efficeret
1232 1994 1616 2080 magnitudo
1655 1998 1721 2059 et
1757 1995 1856 2059 vis
1886 1993 2124 2058 amoris
2154 1994 2296 2077 mei,
2327 1994 2598 2058 consilio

250 2087 321 2148 te
367 2086 443 2147 ut
486 2104 746 2166 possem
792 2084 1031 2148 iuvare.

434 2168 724 2236 Scribam
773 2171 855 2236 ad
900 2175 964 2235 te
1009 2172 1200 2256 plura
1246 2172 1440 2235 alias:
1483 2171 1708 2254 paucis
1757 2171 1929 2235 enim
1968 2170 2194 2235 diebus
2233 2193 2408 2235 eram
2447 2172 2596 2237 mis·
2618 2170 2660 2234 3

257 2281 448 2324 surus
495 2260 886 2325 domesticos
932 2260 1338 2343 tabellarios,
1384 2262 1482 2343 ut,
1531 2260 1839 2345 quoniam
1888 2280 2045 2324 sane
2091 2259 2366 2324 feliciter
2413 2264 2479 2324 et
2524 2283 2601 2324 ex

251 2369 398 2412 mea
470 2349 795 2413 sententia
862 2370 1000 2413 rem
1070 2348 1396 2432 publicam
1465 2349 1815 2433 gessimus,
1885 2348 2033 2411 unis
2098 2346 2333 2412 litteris
2392 2349 2598 2413 totius

254 2437 522 2502 aestatis
578 2459 679 2502 res
739 2441 959 2524 gestas
1018 2437 1096 2501 ad
1159 2440 1455 2502 senatum
1501 2435 1988 2520 perscriberem.
2089 2433 2187 2499 De
2235 2436 2597 2500 sacerdotio

249 2529 367 2590 tuo
425 2531 735 2610 quantam
792 2547 1014 2591 curam
1061 2525 1463 2590 adhibuerim
1513 2545 1831 2609 quamque
1878 2522 2126 2587 difficili
2171 2523 2241 2587 in
2285 2544 2356 2587 re
2404 2528 2597 2609 atque

252 2635 480 2695 causa,
538 2635 890 2698 cognosces
949 2637 1026 2679 ex
1080 2615 1162 2678 iis
1221 2613 1487 2697 litteris,
1547 2635 1706 2696 quas
1760 2611 2115 2694 Thrasoni,
2174 2611 2408 2676 liberto
2464 2615 2598 2696 tuo,

326 2845 374 2894 1.
412 2856 482 2894 m
516 2845 567 2894 te
601 2840 861 2906 auferant
927 2837 1106 2892 damit
1134 2837 1214 2892 sie
1244 2837 1374 2892 dich
1555 2843 1603 2894 3.
1639 2838 1951 2894 domesticos
1977 2839 2087 2893 tab.
2145 2837 2222 2892 im
2253 2837 2598 2907 Gegensatze

247 2911 412 2966 nicht
438 2925 570 2965 vom
598 2910 829 2964 rechten
923 2926 1026 2979 ege
1045 2908 1369 2978 abbringen.
1480 2927 1577 2963 zur
1654 2908 2066 2979 elegentliehen
2140 2908 2475 2978 esorderung
2500 2910 2599 2964 der

250 2982 356 3036 Die
404 2981 588 3035 vielen
635 2981 859 3050 Worte,
916 2979 1006 3033 die
1055 2978 1246 3035 Cicero
1292 2981 1371 3034 im
1479 2980 1608 3034 Brie
1636 2998 1665 3035 e
1703 2980 1880 3034 durch
1905 2979 2192 3034 tabellarii
2219 2980 2319 3034 der
2344 2980 2597 3036 Freunde

249 3052 554 3122 folgenden
565 3050 704 3105 fiber
715 3051 960 3106 dieselbe
972 3050 1370 3119 Sachemacht,
1480 3052 1618 3105 oder
1663 3051 1762 3105 der
1797 3050 2027 3120 Staatsp
2030 3050 2241 3106 achter.
2291 3082 2359 3090 —
2395 3068 2507 3106 rem
2534 3069 2596 3121 p.

250 3124 485 3249 zeiffen
467 3139 560 3177 am
577 3121 779 3176 beaten
796 3122 950 3177 seine
972 3120 1373 3191 Verlegenheit
1476 3121 1759 3192 yessimus]
1792 3121 1931 3176 Rem
1951 3123 2237 3191 publicam
2261 3138 2442 3193 yerere
2469 3125 2599 3191 sagt

406 3193 559 3248 scine
596 3191 1005 3262 Beft‘irehtung‚
1044 3191 1167 3247 dass
1203 3192 1368 3247 Curio
1476 3208 1611 3246 man
1657 3193 1803 3246 auch
1848 3208 1959 3246 von
2005 3193 2156 3260 dem,
2212 3193 2310 3246 der
2349 3193 2448 3260 fiir
2490 3195 2598 3248 den

248 3265 525 3320 fremdem
560 3263 833 3318 Einflusse
869 3262 1062 3331 folgen
1087 3263 1315 3317 konnte.
1478 3262 1642 3318 Staat
1676 3264 1945 3332 kdmpft.
2013 3262 2205 3318 Cicero
2240 3263 2420 3317 meint
2445 3264 2595 3318 scine

1477 3332 1882 3404 Kriegsthaten
1907 3334 1966 3386 in
1987 3333 2235 3388 Cilicien.
2303 3333 2428 3401 Vgl.
2458 3335 2597 3387 fiber

321 3412 373 3461 2.
412 3406 725 3461 incideris,
756 3404 1039 3475 .ve¹neri8]
1068 3403 1237 3459 naml.
1267 3404 1372 3458 mit
1479 3405 1768 3459 dieselben
1800 3404 1870 3458 Π.
1908 3410 1994 3459 28.
2032 3435 2104 3445 -
2141 3402 2362 3474 litteris]
2402 3403 2499 3457 der
2525 3403 2596 3459 II.

250 3478 381 3532 dem
417 3474 712 3530 Tribunat.
783 3476 905 3546 Vgl.
942 3474 987 3529 I.
1028 3481 1111 3530 12.
1149 3481 1201 3529 3.
1267 3474 1370 3530 Die
1479 3482 1564 3532 27.
1603 3482 1637 3529 4
1676 3477 1965 3530 erwahnte
1999 3474 2243 3529 Bericht.
2282 3504 2350 3514 -
2387 3474 2476 3527 De
2509 3490 2596 3528 sa·

249 3547 442 3603 Verba
485 3547 676 3601 finden
717 3547 843 3601 hier
886 3546 1009 3600 ihre
1053 3545 1371 3616 Erklarung
1477 3546 1739 3617 cerdotio]
1777 3548 1842 3601 de
1877 3545 1956 3598 im
1991 3533 2142 3599 Uber
2184 3561 2294 3613 ang
2297 3559 2352 3612 e3
2400 3544 2512 3614 vgl.
2551 3544 2593 3601 1.

248 3619 307 3673 in
341 3617 471 3673 dem
504 3616 807 3685 folgenden
825 3616 1369 3672 Zwiechensatzeae
1482 3623 1528 3670 1.
1567 3623 1616 3671 4
1657 3647 1720 3656 --
1764 3617 1929 3671 Curio
1967 3561 2294 3670 bewafiig
2233 3615 2355 3669 sich
2380 3632 2477 3668 um
2503 3614 2594 3671 die

249 3690 446 3744 amabo
466 3689 609 3770 tng
610 3687 759 3743 leich
776 3703 973 3758 quaeso
991 3686 1105 3742 fast
1120 3688 1226 3742 wie
1246 3686 1369 3743 eine
1480 3687 1656 3742 Stelle
1685 3688 1866 3742 seines
1895 3687 2098 3741 Vaters
2126 3686 2289 3740 unter
2316 3686 2425 3740 den
2451 3685 2593 3740 Pon·

249 3759 425 3815 Inter
431 3758 626 3814 ektion
645 3759 695 3813 ei
777 3758 1074 3814 eschoben.
1128 3759 1215 3827 Vg
1217 3758 1255 3813 1.
1276 3757 1369 3813 die
1475 3758 1674 3826 tifices‚
1703 3757 1931 3813 obwohl
1957 3775 2018 3811 er
2043 3758 2191 3811 noch
2216 3775 2284 3811 zu
2297 3757 2442 3825 jung
2459 3771 2591 3811 war.

250 3829 402 3900 gleic
445 3830 726 3884 bedeuten
766 3845 798 3885 e
872 3828 1096 3885 Formel
1165 3831 1218 3883 si
1288 3846 1370 3884 me
1477 3826 1588 3885 Cic.
1642 3829 2016 3883 unterstfitzte
2072 3827 2246 3882 durch
2289 3827 2474 3881 Briefe
2522 3843 2596 3881 an

249 3917 404 3956 amas
436 3899 505 3956 11.
546 3906 597 3955 2.
637 3907 696 3966 3,
733 3900 898 3956 beide
943 3900 1006 3966 Q.
1039 3898 1106 3952 fr.
1134 3898 1204 3956 II.
1225 3905 1277 3968 8,
1305 3906 1366 3955 4.
1476 3900 1629 3954 scine
1664 3899 1918 3954 Freunde
1965 3899 2024 3952 in
2061 3899 2203 3952 Rom
2252 3898 2340 3952 die
2377 3897 2594 3952 Bewer·

250 3973 447 4028 amabo
482 3978 558 4039 te,
604 3973 835 4037 advola;
881 3971 1198 4031 consolabor
1234 3977 1282 4025 te
1317 3976 1369 4026 et
1474 3971 1645 4040 bung.
1686 4002 1752 4011 —
1790 3988 1849 4025 re
1886 3976 2047 4039 atque
2082 3969 2276 4051 causa]
2312 3967 2374 4022 in
2412 3968 2594 4022 dieser

250 4059 457 4098 omnem
477 4043 785 4112 absteryebo
804 4043 1072 4110 dolorem;
1096 4046 1148 4096 et
1166 4042 1367 4108 adduc,
1472 4041 1739 4122 haufigen
1784 4041 2153 4110 Verbindung
2186 4038 2264 4093 ist
2298 4055 2383 4094 res
2418 4038 2594 4109 allge-

250 4116 299 4168 εἰ
333 4131 416 4170 me
453 4129 627 4180 amas,
667 4114 937 4169 Marium.
968 4143 1035 4153 —
1065 4113 1280 4168 tametsi
1308 4154 1320 4167 .
1472 4112 1625 4166 mein
1672 4110 1763 4165 die
1807 4127 1981 4181 ganze
2020 4110 2199 4165 Sache
2238 4112 2374 4164 oder
2408 4109 2595 4180 Ange-

250 4185 391 4241 deest
428 4184 553 4238 eine
588 4184 985 4239 verbessernde
1012 4182 1370 4252 Bemerkung
1475 4181 1777 4264 legenheit,
1806 4198 1976 4237 causa
2005 4180 2105 4237 der
2126 4181 2331 4250 Punkt,
2361 4200 2456 4235 um
2484 4182 2594 4235 den

252 4273 373 4310 zum
422 4254 959 4324 Vorhergehenden‚
1017 4254 1117 4308 der
1161 4252 1370 4309 wieder
1477 4270 1536 4308 es
1587 4252 1706 4308 sich
1753 4252 1982 4321 speciell
2029 4251 2288 4320 handelt,
2346 4252 2464 4308 also
2509 4267 2595 4305 res

253 4325 359 4380 mit
401 4327 513 4381 sed
560 4332 744 4380 tamen
790 4328 1068 4395 entgegen
1113 4326 1370 4393 getreten
1475 4322 1600 4379 hier
1627 4323 1717 4378 die
1745 4323 1914 4378 Wahl
1942 4324 2094 4378 eines
2120 4294 2395 4391 Pontifex,
2424 4338 2593 4377 causa

253 4397 408 4453 wird.
447 4427 514 4436 —
553 4396 673 4467 hoc]
713 4413 788 4451 sc.
830 4395 1140 4453 consilium.
1478 4394 1571 4450 die
1607 4395 1778 4449 Wahl
1816 4394 1914 4449 des
1953 4393 2138 4448 Curio·

2094 4482 2166 4536 8*
