<?xml version="1.0" encoding="UTF-8"?>
<!DOCTYPE html PUBLIC "-//W3C//DTD XHTML 1.0 Transitional//EN"
    "http://www.w3.org/TR/xhtml1/DTD/xhtml1-transitional.dtd">
<html xmlns="http://www.w3.org/1999/xhtml" xml:lang="en" lang="en">
 <head>
  <title>
</title>
<meta http-equiv="Content-Type" content="text/html;charset=utf-8" />
  <meta name='ocr-system' content='tesseract 3.04.00' />
  <meta name='ocr-capabilities' content='ocr_page ocr_carea ocr_par ocr_line ocrx_word'/>
</head>
<body>
  <div class='ocr_page' id='page_1' title='image "ausgewhltebrief02freygoog_0120.png"; bbox 0 0 3000 4917; ppageno 0'>
   <div class='ocr_carea' id='block_1_1' title="bbox 425 230 550 295">
    <p class='ocr_par' dir='ltr' id='par_1_1' title="bbox 425 230 550 295">
     <span class='ocr_line' id='line_1_1' title="bbox 425 230 550 295; baseline 0.008 -1"><span class='ocrx_word' id='word_1_1' title='bbox 425 230 550 295; x_wconf 88' lang='grc'>106</span> 
     </span>
    </p>
   </div>
   <div class='ocr_carea' id='block_1_2' title="bbox 1190 230 1987 286">
    <p class='ocr_par' dir='ltr' id='par_1_2' title="bbox 1190 230 1987 286">
     <span class='ocr_line' id='line_1_2' title="bbox 1190 230 1987 286; baseline -0.001 -1"><span class='ocrx_word' id='word_1_2' title='bbox 1190 230 1326 285; x_wconf 89' lang='lat' dir='ltr'>LIB.</span> <span class='ocrx_word' id='word_1_3' title='bbox 1362 232 1431 286; x_wconf 89' lang='lat' dir='ltr'>H.</span> <span class='ocrx_word' id='word_1_4' title='bbox 1497 230 1721 286; x_wconf 84' lang='lat' dir='ltr'>EPIST.</span> <span class='ocrx_word' id='word_1_5' title='bbox 1763 237 1987 286; x_wconf 81' lang='lat'>14—16.</span> 
     </span>
    </p>
   </div>
   <div class='ocr_carea' id='block_1_3' title="bbox 416 393 2763 568">
    <p class='ocr_par' dir='ltr' id='par_1_3' title="bbox 416 393 2763 568">
     <span class='ocr_line' id='line_1_3' title="bbox 416 393 2763 480; baseline 0.001 -22"><span class='ocrx_word' id='word_1_6' title='bbox 416 394 643 459; x_wconf 90' lang='lat' dir='ltr'>tannia</span> <span class='ocrx_word' id='word_1_7' title='bbox 688 416 771 458; x_wconf 92' lang='lat' dir='ltr'>ne</span> <span class='ocrx_word' id='word_1_8' title='bbox 817 394 898 458; x_wconf 90' lang='lat' dir='ltr'>ab</span> <span class='ocrx_word' id='word_1_9' title='bbox 947 393 1283 458; x_wconf 81' lang='lat' dir='ltr'><strong>essedariis</strong></span> <span class='ocrx_word' id='word_1_10' title='bbox 1332 393 1671 479; x_wconf 88' lang='lat' dir='ltr'>decipiaris</span> <span class='ocrx_word' id='word_1_11' title='bbox 1719 399 1942 459; x_wconf 81' lang='lat' dir='ltr'>caveto</span> <span class='ocrx_word' id='word_1_12' title='bbox 1991 398 2074 479; x_wconf 88' lang='lat' dir='ltr'>et,</span> <span class='ocrx_word' id='word_1_13' title='bbox 2121 396 2428 480; x_wconf 89' lang='lat' dir='ltr'>quoniam</span> <span class='ocrx_word' id='word_1_14' title='bbox 2465 395 2763 461; x_wconf 81' lang='lat' dir='ltr'>Medeam</span> 
     </span>
     <span class='ocr_line' id='line_1_4' title="bbox 418 483 1772 568; baseline -0.001 -20"><span class='ocrx_word' id='word_1_15' title='bbox 418 483 601 568; x_wconf 90' lang='lat' dir='ltr'>coepi</span> <span class='ocrx_word' id='word_1_16' title='bbox 647 503 867 568; x_wconf 83' lang='lat' dir='ltr'>agere,</span> <span class='ocrx_word' id='word_1_17' title='bbox 912 483 1073 546; x_wconf 89' lang='lat' dir='ltr'>illud</span> <span class='ocrx_word' id='word_1_18' title='bbox 1122 504 1374 566; x_wconf 82' lang='lat' dir='ltr'><strong>semper</strong></span> <span class='ocrx_word' id='word_1_19' title='bbox 1420 487 1772 548; x_wconf 88' lang='lat' dir='ltr'>memento:</span> 
     </span>
    </p>
   </div>
   <div class='ocr_carea' id='block_1_4' title="bbox 601 570 2755 657">
    <p class='ocr_par' dir='ltr' id='par_1_4' title="bbox 601 570 2755 657">
     <span class='ocr_line' id='line_1_5' title="bbox 601 570 2755 657; baseline 0.002 -22"><span class='ocrx_word' id='word_1_20' title='bbox 601 570 726 651; x_wconf 76' lang='lat' dir='ltr'>Qui</span> <span class='ocrx_word' id='word_1_21' title='bbox 776 574 907 654; x_wconf 78' lang='lat' dir='ltr'>ipse</span> <span class='ocrx_word' id='word_1_22' title='bbox 957 572 1078 636; x_wconf 74' lang='lat' dir='ltr'>sibi</span> <span class='ocrx_word' id='word_1_23' title='bbox 1119 573 1366 653; x_wconf 57' lang='lat' dir='ltr'>sapiens</span> <span class='ocrx_word' id='word_1_24' title='bbox 1400 574 1689 655; x_wconf 78' lang='lat' dir='ltr'><em>prodesse</em></span> <span class='ocrx_word' id='word_1_25' title='bbox 1731 572 1858 637; x_wconf 77' lang='lat' dir='ltr'>no&#39;n</span> <span class='ocrx_word' id='word_1_26' title='bbox 1905 574 2065 656; x_wconf 78' lang='lat' dir='ltr'>quit,</span> <span class='ocrx_word' id='word_1_27' title='bbox 2118 574 2521 656; x_wconf 73' lang='lat' dir='ltr'>nequicqudm</span> <span class='ocrx_word' id='word_1_28' title='bbox 2573 577 2755 657; x_wconf 81' lang='lat' dir='ltr'>sapit.</span> 
     </span>
    </p>
   </div>
   <div class='ocr_carea' id='block_1_5' title="bbox 416 658 1012 740">
    <p class='ocr_par' dir='ltr' id='par_1_5' title="bbox 416 658 1012 740">
     <span class='ocr_line' id='line_1_6' title="bbox 416 658 1012 740; baseline -0.003 -15"><span class='ocrx_word' id='word_1_29' title='bbox 416 658 586 725; x_wconf 84' lang='lat' dir='ltr'>Cura</span> <span class='ocrx_word' id='word_1_30' title='bbox 596 709 613 740; x_wconf 92' lang='lat'>,</span> <span class='ocrx_word' id='word_1_31' title='bbox 660 663 732 724; x_wconf 90' lang='lat' dir='ltr'>ut</span> <span class='ocrx_word' id='word_1_32' title='bbox 775 662 1012 725; x_wconf 81' lang='lat' dir='ltr'>valeas.</span> 
     </span>
    </p>
   </div>
   <div class='ocr_carea' id='block_1_6' title="bbox 1299 853 1884 1058">
    <p class='ocr_par' dir='ltr' id='par_1_6' title="bbox 1299 853 1884 1058">
     <span class='ocr_line' id='line_1_7' title="bbox 1318 853 1865 920; baseline 0.004 -2"><span class='ocrx_word' id='word_1_33' title='bbox 1318 853 1675 920; x_wconf 75' lang='lat' dir='ltr'>EmsrULA</span> <span class='ocrx_word' id='word_1_34' title='bbox 1722 855 1865 920; x_wconf 90' lang='lat' dir='ltr'>XV.</span> 
     </span>
     <span class='ocr_line' id='line_1_8' title="bbox 1299 974 1884 1058; baseline 0.005 -30"><span class='ocrx_word' id='word_1_35' title='bbox 1299 974 1409 1044; x_wconf 82' lang='lat' dir='ltr'>(Ad</span> <span class='ocrx_word' id='word_1_36' title='bbox 1444 975 1578 1058; x_wconf 51' lang='lat' dir='ltr'>faus.</span> <span class='ocrx_word' id='word_1_37' title='bbox 1615 975 1735 1029; x_wconf 80' lang='lat' dir='ltr'>vn.</span> <span class='ocrx_word' id='word_1_38' title='bbox 1780 979 1884 1046; x_wconf 82' lang='lat'>17.)</span> 
     </span>
    </p>
   </div>
   <div class='ocr_carea' id='block_1_7' title="bbox 1163 1097 2020 1156">
    <p class='ocr_par' dir='ltr' id='par_1_7' title="bbox 1163 1097 2020 1156">
     <span class='ocr_line' id='line_1_9' title="bbox 1163 1097 2020 1156; baseline 0.005 -4"><span class='ocrx_word' id='word_1_39' title='bbox 1163 1097 1426 1154; x_wconf 83' lang='lat' dir='ltr'>CICERO</span> <span class='ocrx_word' id='word_1_40' title='bbox 1465 1099 1829 1156; x_wconf 82' lang='lat' dir='ltr'><strong>TREBATIO</strong></span> <span class='ocrx_word' id='word_1_41' title='bbox 1870 1100 2020 1156; x_wconf 86' lang='lat' dir='ltr'>SAL.</span> 
     </span>
    </p>
   </div>
   <div class='ocr_carea' id='block_1_8' title="bbox 351 1206 2764 2717">
    <p class='ocr_par' dir='ltr' id='par_1_8' title="bbox 351 1206 2764 2717">
     <span class='ocr_line' id='line_1_10' title="bbox 592 1206 2761 1296; baseline 0.001 -21"><span class='ocrx_word' id='word_1_42' title='bbox 592 1210 694 1275; x_wconf 87' lang='lat' dir='ltr'>Ex</span> <span class='ocrx_word' id='word_1_43' title='bbox 730 1209 860 1272; x_wconf 90' lang='lat' dir='ltr'>tuis</span> <span class='ocrx_word' id='word_1_44' title='bbox 896 1207 1132 1272; x_wconf 90' lang='lat' dir='ltr'>litteris</span> <span class='ocrx_word' id='word_1_45' title='bbox 1171 1211 1237 1273; x_wconf 88' lang='lat' dir='ltr'>et</span> <span class='ocrx_word' id='word_1_46' title='bbox 1265 1206 1508 1284; x_wconf 84' lang='lat' dir='ltr'>Quinto</span> <span class='ocrx_word' id='word_1_47' title='bbox 1546 1209 1734 1273; x_wconf 87' lang='lat' dir='ltr'>fratri</span> <span class='ocrx_word' id='word_1_48' title='bbox 1773 1211 2022 1294; x_wconf 84' lang='lat' dir='ltr'>gratias</span> <span class='ocrx_word' id='word_1_49' title='bbox 2062 1212 2164 1295; x_wconf 90' lang='lat' dir='ltr'>egi</span> <span class='ocrx_word' id='word_1_50' title='bbox 2202 1213 2269 1275; x_wconf 91' lang='lat' dir='ltr'>et</span> <span class='ocrx_word' id='word_1_51' title='bbox 2302 1215 2368 1276; x_wconf 90' lang='lat' dir='ltr'>te</span> <span class='ocrx_word' id='word_1_52' title='bbox 2407 1212 2761 1296; x_wconf 86' lang='lat' dir='ltr'>aliquando</span> 
     </span>
     <span class='ocr_line' id='line_1_11' title="bbox 418 1298 2764 1383; baseline 0 -19"><span class='ocrx_word' id='word_1_53' title='bbox 418 1299 786 1364; x_wconf 87' lang='lat' dir='ltr'>collaudare</span> <span class='ocrx_word' id='word_1_54' title='bbox 832 1319 1119 1382; x_wconf 88' lang='lat' dir='ltr'>possum,</span> <span class='ocrx_word' id='word_1_55' title='bbox 1166 1298 1334 1381; x_wconf 92' lang='lat' dir='ltr'>quod</span> <span class='ocrx_word' id='word_1_56' title='bbox 1381 1298 1514 1361; x_wconf 90' lang='lat' dir='ltr'>iam</span> <span class='ocrx_word' id='word_1_57' title='bbox 1561 1299 1795 1363; x_wconf 86' lang='lat' dir='ltr'>videris</span> <span class='ocrx_word' id='word_1_58' title='bbox 1842 1303 2018 1363; x_wconf 87' lang='lat' dir='ltr'>certa</span> <span class='ocrx_word' id='word_1_59' title='bbox 2065 1300 2283 1383; x_wconf 88' lang='lat' dir='ltr'>aliqua</span> <span class='ocrx_word' id='word_1_60' title='bbox 2326 1301 2395 1364; x_wconf 91' lang='lat' dir='ltr'>in</span> <span class='ocrx_word' id='word_1_61' title='bbox 2435 1302 2764 1366; x_wconf 86' lang='lat' dir='ltr'>sententia</span> 
     </span>
     <span class='ocr_line' id='line_1_12' title="bbox 417 1384 2761 1469; baseline 0 -15"><span class='ocrx_word' id='word_1_62' title='bbox 417 1388 805 1454; x_wconf 73' lang='lat' dir='ltr'><strong>constitisse.</strong></span> <span class='ocrx_word' id='word_1_63' title='bbox 896 1384 1067 1450; x_wconf 90' lang='lat' dir='ltr'>Nam</span> <span class='ocrx_word' id='word_1_64' title='bbox 1121 1386 1477 1469; x_wconf 89' lang='lat' dir='ltr'>primorum</span> <span class='ocrx_word' id='word_1_65' title='bbox 1534 1408 1827 1451; x_wconf 91' lang='lat' dir='ltr'>mensum</span> <span class='ocrx_word' id='word_1_66' title='bbox 1881 1388 2116 1451; x_wconf 89' lang='lat' dir='ltr'>litteris</span> <span class='ocrx_word' id='word_1_67' title='bbox 2172 1390 2301 1453; x_wconf 87' lang='lat' dir='ltr'>tuis</span> <span class='ocrx_word' id='word_1_68' title='bbox 2348 1390 2761 1454; x_wconf 81' lang='lat' dir='ltr'>vehementer</span> 
     </span>
     <span class='ocr_line' id='line_1_13' title="bbox 418 1474 2763 1560; baseline 0 -18"><span class='ocrx_word' id='word_1_69' title='bbox 418 1476 893 1558; x_wconf 85' lang='lat' dir='ltr'>commovebar,</span> <span class='ocrx_word' id='word_1_70' title='bbox 939 1474 1108 1558; x_wconf 87' lang='lat' dir='ltr'>quod</span> <span class='ocrx_word' id='word_1_71' title='bbox 1146 1475 1308 1539; x_wconf 91' lang='lat' dir='ltr'>mihi</span> <span class='ocrx_word' id='word_1_72' title='bbox 1344 1475 1670 1540; x_wconf 88' lang='lat' dir='ltr'>interdum</span> <span class='ocrx_word' id='word_1_73' title='bbox 1708 1513 1790 1523; x_wconf 93' lang='lat'>-—</span> <span class='ocrx_word' id='word_1_74' title='bbox 1828 1498 1985 1560; x_wconf 92' lang='lat' dir='ltr'>pace</span> <span class='ocrx_word' id='word_1_75' title='bbox 2023 1482 2137 1541; x_wconf 84' lang='lat' dir='ltr'>tua</span> <span class='ocrx_word' id='word_1_76' title='bbox 2174 1477 2441 1542; x_wconf 83' lang='lat' dir='ltr'>dixerim</span> <span class='ocrx_word' id='word_1_77' title='bbox 2486 1515 2563 1525; x_wconf 91' lang='lat'>—</span> <span class='ocrx_word' id='word_1_78' title='bbox 2605 1479 2763 1543; x_wconf 86' lang='lat' dir='ltr'>levis</span> 
     </span>
     <span class='ocr_line' id='line_1_14' title="bbox 417 1563 2761 1652; baseline 0 -22"><span class='ocrx_word' id='word_1_79' title='bbox 417 1567 488 1630; x_wconf 91' lang='lat' dir='ltr'>in</span> <span class='ocrx_word' id='word_1_80' title='bbox 551 1564 730 1629; x_wconf 91' lang='lat' dir='ltr'>urbis</span> <span class='ocrx_word' id='word_1_81' title='bbox 795 1564 1308 1648; x_wconf 76' lang='lat' dir='ltr'>urbanitatisque</span> <span class='ocrx_word' id='word_1_82' title='bbox 1375 1563 1716 1649; x_wconf 91' lang='lat' dir='ltr'>desiderio,</span> <span class='ocrx_word' id='word_1_83' title='bbox 1779 1565 2098 1629; x_wconf 89' lang='lat' dir='ltr'>interdum</span> <span class='ocrx_word' id='word_1_84' title='bbox 2164 1567 2376 1652; x_wconf 83' lang='lat' dir='ltr'>piger,</span> <span class='ocrx_word' id='word_1_85' title='bbox 2441 1567 2761 1632; x_wconf 89' lang='lat' dir='ltr'>interdum</span> 
     </span>
     <span class='ocr_line' id='line_1_15' title="bbox 416 1652 2760 1740; baseline 0.001 -22"><span class='ocrx_word' id='word_1_86' title='bbox 416 1654 683 1719; x_wconf 89' lang='lat' dir='ltr'>timidus</span> <span class='ocrx_word' id='word_1_87' title='bbox 723 1654 791 1717; x_wconf 93' lang='lat' dir='ltr'>in</span> <span class='ocrx_word' id='word_1_88' title='bbox 831 1652 1054 1717; x_wconf 87' lang='lat' dir='ltr'>labore</span> <span class='ocrx_word' id='word_1_89' title='bbox 1092 1653 1379 1736; x_wconf 88' lang='lat' dir='ltr'>militari,</span> <span class='ocrx_word' id='word_1_90' title='bbox 1415 1675 1606 1737; x_wconf 89' lang='lat' dir='ltr'>saepe</span> <span class='ocrx_word' id='word_1_91' title='bbox 1645 1657 1860 1718; x_wconf 88' lang='lat' dir='ltr'>autem</span> <span class='ocrx_word' id='word_1_92' title='bbox 1890 1655 2105 1738; x_wconf 87' lang='lat' dir='ltr'>etiam,</span> <span class='ocrx_word' id='word_1_93' title='bbox 2145 1655 2313 1740; x_wconf 89' lang='lat' dir='ltr'>quod</span> <span class='ocrx_word' id='word_1_94' title='bbox 2345 1678 2383 1720; x_wconf 94' lang='lat' dir='ltr'>a</span> <span class='ocrx_word' id='word_1_95' title='bbox 2410 1660 2476 1720; x_wconf 91' lang='lat' dir='ltr'>te</span> <span class='ocrx_word' id='word_1_96' title='bbox 2508 1656 2760 1720; x_wconf 88' lang='lat' dir='ltr'>alienis-</span> 
     </span>
     <span class='ocr_line' id='line_1_16' title="bbox 414 1741 2760 1829; baseline 0.001 -21"><span class='ocrx_word' id='word_1_97' title='bbox 414 1744 650 1808; x_wconf 88' lang='lat' dir='ltr'>simum</span> <span class='ocrx_word' id='word_1_98' title='bbox 699 1746 815 1826; x_wconf 90' lang='lat' dir='ltr'>est,</span> <span class='ocrx_word' id='word_1_99' title='bbox 865 1741 1325 1825; x_wconf 89' lang='lat' dir='ltr'>subimpudens</span> <span class='ocrx_word' id='word_1_100' title='bbox 1364 1742 1690 1829; x_wconf 83' lang='lat' dir='ltr'>videbare3</span> <span class='ocrx_word' id='word_1_101' title='bbox 1737 1746 2071 1827; x_wconf 88' lang='lat' dir='ltr'>tamquam</span> <span class='ocrx_word' id='word_1_102' title='bbox 2110 1745 2278 1808; x_wconf 90' lang='lat' dir='ltr'>enim</span> <span class='ocrx_word' id='word_1_103' title='bbox 2318 1746 2760 1829; x_wconf 82' lang='lat' dir='ltr'>syngrapham</span> 
     </span>
     <span class='ocr_line' id='line_1_17' title="bbox 413 1831 2760 1917; baseline 0.001 -22"><span class='ocrx_word' id='word_1_104' title='bbox 413 1832 493 1896; x_wconf 89' lang='lat' dir='ltr'>ad</span> <span class='ocrx_word' id='word_1_105' title='bbox 549 1833 1033 1915; x_wconf 80' lang='lat' dir='ltr'>imperatorem,</span> <span class='ocrx_word' id='word_1_106' title='bbox 1096 1851 1231 1895; x_wconf 90' lang='lat' dir='ltr'>non</span> <span class='ocrx_word' id='word_1_107' title='bbox 1277 1832 1623 1914; x_wconf 88' lang='lat' dir='ltr'>epistulam</span> <span class='ocrx_word' id='word_1_108' title='bbox 1671 1831 2031 1915; x_wconf 84' lang='lat' dir='ltr'>attulisses,</span> <span class='ocrx_word' id='word_1_109' title='bbox 2088 1833 2179 1897; x_wconf 91' lang='lat' dir='ltr'>sic</span> <span class='ocrx_word' id='word_1_110' title='bbox 2224 1834 2496 1917; x_wconf 90' lang='lat' dir='ltr'>pecunia</span> <span class='ocrx_word' id='word_1_111' title='bbox 2543 1835 2760 1899; x_wconf 89' lang='lat' dir='ltr'>ablata</span> 
     </span>
     <span class='ocr_line' id='line_1_18' title="bbox 412 1919 2755 2003; baseline 0.002 -20"><span class='ocrx_word' id='word_1_112' title='bbox 412 1921 673 1985; x_wconf 90' lang='lat' dir='ltr'>domum</span> <span class='ocrx_word' id='word_1_113' title='bbox 729 1919 935 1983; x_wconf 90' lang='lat' dir='ltr'>redire</span> <span class='ocrx_word' id='word_1_114' title='bbox 989 1921 1417 2003; x_wconf 87' lang='lat' dir='ltr'>properabas,</span> <span class='ocrx_word' id='word_1_115' title='bbox 1481 1942 1600 1985; x_wconf 90' lang='lat' dir='ltr'>nec</span> <span class='ocrx_word' id='word_1_116' title='bbox 1654 1921 1777 1985; x_wconf 90' lang='lat' dir='ltr'>tibi</span> <span class='ocrx_word' id='word_1_117' title='bbox 1831 1922 1897 1984; x_wconf 89' lang='lat' dir='ltr'>in</span> <span class='ocrx_word' id='word_1_118' title='bbox 1954 1926 2235 1986; x_wconf 86' lang='lat' dir='ltr'>mentem</span> <span class='ocrx_word' id='word_1_119' title='bbox 2290 1922 2590 1987; x_wconf 85' lang='lat' dir='ltr'>veniebat</span> <span class='ocrx_word' id='word_1_120' title='bbox 2647 1946 2755 1987; x_wconf 93' lang='lat' dir='ltr'>eos</span> 
     </span>
     <span class='ocr_line' id='line_1_19' title="bbox 409 2008 2755 2095; baseline 0.001 -22"><span class='ocrx_word' id='word_1_121' title='bbox 409 2010 616 2095; x_wconf 91' lang='lat' dir='ltr'>ipsos,</span> <span class='ocrx_word' id='word_1_122' title='bbox 671 2009 782 2092; x_wconf 92' lang='lat' dir='ltr'>qui</span> <span class='ocrx_word' id='word_1_123' title='bbox 838 2030 985 2072; x_wconf 90' lang='lat' dir='ltr'>cum</span> <span class='ocrx_word' id='word_1_124' title='bbox 1050 2008 1436 2093; x_wconf 81' lang='lat' dir='ltr'>syngraphis</span> <span class='ocrx_word' id='word_1_125' title='bbox 1494 2010 1825 2073; x_wconf 86' lang='lat' dir='ltr'>venissent</span> <span class='ocrx_word' id='word_1_126' title='bbox 1867 2009 2370 2093; x_wconf 84' lang='lat' dir='ltr'>Alexandream,</span> <span class='ocrx_word' id='word_1_127' title='bbox 2421 2032 2755 2075; x_wconf 90' lang='lat' dir='ltr'>nummum</span> 
     </span>
     <span class='ocr_line' id='line_1_20' title="bbox 351 2096 2755 2183; baseline 0.001 -21"><span class='ocrx_word' id='word_1_128' title='bbox 351 2098 621 2162; x_wconf 82' lang='lat' dir='ltr'>2adhuc</span> <span class='ocrx_word' id='word_1_129' title='bbox 657 2096 908 2161; x_wconf 91' lang='lat' dir='ltr'>nullum</span> <span class='ocrx_word' id='word_1_130' title='bbox 948 2096 1201 2161; x_wconf 88' lang='lat' dir='ltr'>auferre</span> <span class='ocrx_word' id='word_1_131' title='bbox 1237 2098 1548 2180; x_wconf 88' lang='lat' dir='ltr'>potuisse.</span> <span class='ocrx_word' id='word_1_132' title='bbox 1611 2097 1775 2183; x_wconf 82' lang='lat' dir='ltr'>Ego,</span> <span class='ocrx_word' id='word_1_133' title='bbox 1819 2099 1876 2162; x_wconf 93' lang='lat' dir='ltr'>si</span> <span class='ocrx_word' id='word_1_134' title='bbox 1914 2100 2041 2163; x_wconf 91' lang='lat' dir='ltr'>mei</span> <span class='ocrx_word' id='word_1_135' title='bbox 2066 2100 2397 2164; x_wconf 85' lang='lat' dir='ltr'>commodi</span> <span class='ocrx_word' id='word_1_136' title='bbox 2434 2102 2755 2165; x_wconf 88' lang='lat' dir='ltr'>rationem</span> 
     </span>
     <span class='ocr_line' id='line_1_21' title="bbox 413 2187 2757 2271; baseline 0.001 -20"><span class='ocrx_word' id='word_1_137' title='bbox 413 2188 736 2268; x_wconf 90' lang='lat' dir='ltr'>ducerem,</span> <span class='ocrx_word' id='word_1_138' title='bbox 791 2189 858 2250; x_wconf 82' lang='lat' dir='ltr'>te</span> <span class='ocrx_word' id='word_1_139' title='bbox 915 2207 1165 2250; x_wconf 90' lang='lat' dir='ltr'>mecum</span> <span class='ocrx_word' id='word_1_140' title='bbox 1221 2207 1359 2250; x_wconf 92' lang='lat' dir='ltr'>esse</span> <span class='ocrx_word' id='word_1_141' title='bbox 1414 2187 1691 2252; x_wconf 86' lang='lat' dir='ltr'>maxime</span> <span class='ocrx_word' id='word_1_142' title='bbox 1746 2188 2000 2271; x_wconf 83' lang='lat' dir='ltr'>vellem3</span> <span class='ocrx_word' id='word_1_143' title='bbox 2046 2210 2180 2252; x_wconf 90' lang='lat' dir='ltr'>non</span> <span class='ocrx_word' id='word_1_144' title='bbox 2236 2188 2405 2252; x_wconf 91' lang='lat' dir='ltr'>enim</span> <span class='ocrx_word' id='word_1_145' title='bbox 2454 2189 2757 2253; x_wconf 86' lang='lat' dir='ltr'>mediocri</span> 
     </span>
     <span class='ocr_line' id='line_1_22' title="bbox 416 2275 2754 2358; baseline 0 -18"><span class='ocrx_word' id='word_1_146' title='bbox 416 2275 765 2340; x_wconf 89' lang='lat' dir='ltr'>adficiebar</span> <span class='ocrx_word' id='word_1_147' title='bbox 809 2276 913 2338; x_wconf 86' lang='lat' dir='ltr'>vel</span> <span class='ocrx_word' id='word_1_148' title='bbox 957 2275 1293 2358; x_wconf 85' lang='lat' dir='ltr'>voluptate</span> <span class='ocrx_word' id='word_1_149' title='bbox 1339 2296 1416 2339; x_wconf 94' lang='lat' dir='ltr'>ex</span> <span class='ocrx_word' id='word_1_150' title='bbox 1454 2275 1915 2339; x_wconf 91' lang='lat' dir='ltr'>consuetudine</span> <span class='ocrx_word' id='word_1_151' title='bbox 1952 2281 2180 2340; x_wconf 88' lang='lat' dir='ltr'>nostra</span> <span class='ocrx_word' id='word_1_152' title='bbox 2216 2278 2318 2340; x_wconf 90' lang='lat' dir='ltr'>vel</span> <span class='ocrx_word' id='word_1_153' title='bbox 2356 2278 2639 2341; x_wconf 87' lang='lat' dir='ltr'>utilitate</span> <span class='ocrx_word' id='word_1_154' title='bbox 2676 2299 2754 2341; x_wconf 86' lang='lat' dir='ltr'>ex</span> 
     </span>
     <span class='ocr_line' id='line_1_23' title="bbox 411 2363 2752 2449; baseline 0 -20"><span class='ocrx_word' id='word_1_155' title='bbox 411 2364 682 2430; x_wconf 90' lang='lat' dir='ltr'>consilio</span> <span class='ocrx_word' id='word_1_156' title='bbox 743 2367 934 2447; x_wconf 89' lang='lat' dir='ltr'>atque</span> <span class='ocrx_word' id='word_1_157' title='bbox 992 2385 1188 2446; x_wconf 88' lang='lat' dir='ltr'>opera</span> <span class='ocrx_word' id='word_1_158' title='bbox 1241 2367 1384 2449; x_wconf 87' lang='lat' dir='ltr'>tua;</span> <span class='ocrx_word' id='word_1_159' title='bbox 1439 2363 1552 2428; x_wconf 89' lang='lat' dir='ltr'>sed</span> <span class='ocrx_word' id='word_1_160' title='bbox 1608 2386 1751 2428; x_wconf 88' lang='lat' dir='ltr'>cum</span> <span class='ocrx_word' id='word_1_161' title='bbox 1805 2369 1870 2428; x_wconf 84' lang='lat' dir='ltr'>te</span> <span class='ocrx_word' id='word_1_162' title='bbox 1923 2385 1999 2428; x_wconf 89' lang='lat' dir='ltr'>ex</span> <span class='ocrx_word' id='word_1_163' title='bbox 2045 2365 2482 2431; x_wconf 81' lang='lat' dir='ltr'>adulescentia</span> <span class='ocrx_word' id='word_1_164' title='bbox 2528 2371 2644 2431; x_wconf 85' lang='lat' dir='ltr'>tua</span> <span class='ocrx_word' id='word_1_165' title='bbox 2686 2367 2752 2429; x_wconf 92' lang='lat' dir='ltr'>in</span> 
     </span>
     <span class='ocr_line' id='line_1_24' title="bbox 410 2452 2754 2537; baseline 0.001 -20"><span class='ocrx_word' id='word_1_166' title='bbox 410 2453 761 2517; x_wconf 85' lang='lat' dir='ltr'>amicitiam</span> <span class='ocrx_word' id='word_1_167' title='bbox 828 2455 894 2515; x_wconf 88' lang='lat' dir='ltr'>et</span> <span class='ocrx_word' id='word_1_168' title='bbox 956 2452 1146 2515; x_wconf 91' lang='lat' dir='ltr'>fidem</span> <span class='ocrx_word' id='word_1_169' title='bbox 1202 2474 1415 2516; x_wconf 91' lang='lat' dir='ltr'>meam</span> <span class='ocrx_word' id='word_1_170' title='bbox 1472 2454 1883 2537; x_wconf 80' lang='lat' dir='ltr'>contulisseS,</span> <span class='ocrx_word' id='word_1_171' title='bbox 1949 2476 2203 2537; x_wconf 89' lang='lat' dir='ltr'>semper</span> <span class='ocrx_word' id='word_1_172' title='bbox 2256 2458 2321 2518; x_wconf 91' lang='lat' dir='ltr'>te</span> <span class='ocrx_word' id='word_1_173' title='bbox 2376 2477 2508 2519; x_wconf 92' lang='lat' dir='ltr'>non</span> <span class='ocrx_word' id='word_1_174' title='bbox 2561 2454 2754 2519; x_wconf 92' lang='lat' dir='ltr'>modo</span> 
     </span>
     <span class='ocr_line' id='line_1_25' title="bbox 407 2541 2752 2628; baseline 0 -21"><span class='ocrx_word' id='word_1_175' title='bbox 407 2542 717 2607; x_wconf 88' lang='lat' dir='ltr'>tuendum</span> <span class='ocrx_word' id='word_1_176' title='bbox 775 2541 962 2626; x_wconf 92' lang='lat' dir='ltr'>mihi,</span> <span class='ocrx_word' id='word_1_177' title='bbox 1017 2541 1128 2605; x_wconf 91' lang='lat' dir='ltr'>sed</span> <span class='ocrx_word' id='word_1_178' title='bbox 1184 2541 1379 2606; x_wconf 87' lang='lat' dir='ltr'>etiam</span> <span class='ocrx_word' id='word_1_179' title='bbox 1437 2542 1801 2626; x_wconf 88' lang='lat' dir='ltr'>augendum</span> <span class='ocrx_word' id='word_1_180' title='bbox 1860 2545 2052 2627; x_wconf 92' lang='lat' dir='ltr'>atque</span> <span class='ocrx_word' id='word_1_181' title='bbox 2109 2544 2466 2608; x_wconf 90' lang='lat' dir='ltr'>ornandum</span> <span class='ocrx_word' id='word_1_182' title='bbox 2512 2545 2752 2628; x_wconf 86' lang='lat' dir='ltr'>putavi.</span> 
     </span>
     <span class='ocr_line' id='line_1_26' title="bbox 410 2630 2750 2717; baseline 0.001 -22"><span class='ocrx_word' id='word_1_183' title='bbox 410 2630 659 2715; x_wconf 86' lang='lat' dir='ltr'>Itaque,</span> <span class='ocrx_word' id='word_1_184' title='bbox 706 2630 916 2715; x_wconf 88' lang='lat' dir='ltr'>quoad</span> <span class='ocrx_word' id='word_1_185' title='bbox 965 2630 1267 2714; x_wconf 86' lang='lat' dir='ltr'>opinatus</span> <span class='ocrx_word' id='word_1_186' title='bbox 1316 2653 1458 2695; x_wconf 90' lang='lat' dir='ltr'>sum</span> <span class='ocrx_word' id='word_1_187' title='bbox 1507 2653 1610 2696; x_wconf 92' lang='lat' dir='ltr'>me</span> <span class='ocrx_word' id='word_1_188' title='bbox 1656 2631 1727 2695; x_wconf 89' lang='lat' dir='ltr'>in</span> <span class='ocrx_word' id='word_1_189' title='bbox 1762 2632 2162 2715; x_wconf 87' lang='lat' dir='ltr'>provinciam</span> <span class='ocrx_word' id='word_1_190' title='bbox 2200 2632 2539 2717; x_wconf 85' lang='lat' dir='ltr'>exiturum,</span> <span class='ocrx_word' id='word_1_191' title='bbox 2588 2655 2750 2717; x_wconf 87' lang='lat' dir='ltr'>quae</span> 
     </span>
    </p>
   </div>
   <div class='ocr_carea' id='block_1_9' title="bbox 383 2840 1530 4459">
    <p class='ocr_par' dir='ltr' id='par_1_9' title="bbox 406 2840 1530 3265">
     <span class='ocr_line' id='line_1_27' title="bbox 407 2840 1524 2911; baseline 0.001 -17"><span class='ocrx_word' id='word_1_192' title='bbox 407 2841 593 2896; x_wconf 85' lang='lat' dir='ltr'>lichen</span> <span class='ocrx_word' id='word_1_193' title='bbox 628 2840 799 2893; x_wconf 86' lang='lat' dir='ltr'>Sinne</span> <span class='ocrx_word' id='word_1_194' title='bbox 836 2840 1003 2894; x_wconf 84' lang='lat' dir='ltr'>steht.</span> <span class='ocrx_word' id='word_1_195' title='bbox 1034 2869 1101 2879; x_wconf 90' lang='lat'>-—-</span> <span class='ocrx_word' id='word_1_196' title='bbox 1132 2840 1442 2911; x_wconf 76' lang='lat' dir='ltr'>essedariis]</span> <span class='ocrx_word' id='word_1_197' title='bbox 1483 2859 1524 2895; x_wconf 90' lang='lat' dir='ltr'>s.</span> 
     </span>
     <span class='ocr_line' id='line_1_28' title="bbox 406 2908 1525 2981; baseline 0.001 -16"><span class='ocrx_word' id='word_1_198' title='bbox 406 2913 547 2966; x_wconf 71' lang='lat' dir='ltr'>fiber</span> <span class='ocrx_word' id='word_1_199' title='bbox 583 2910 870 2964; x_wconf 87' lang='lat' dir='ltr'>dieselben</span> <span class='ocrx_word' id='word_1_200' title='bbox 917 2908 1071 2965; x_wconf 85' lang='lat' dir='ltr'>Caes.</span> <span class='ocrx_word' id='word_1_201' title='bbox 1108 2911 1164 2965; x_wconf 93' lang='lat' dir='ltr'>b.</span> <span class='ocrx_word' id='word_1_202' title='bbox 1211 2930 1266 2981; x_wconf 88' lang='lat' dir='ltr'>g.</span> <span class='ocrx_word' id='word_1_203' title='bbox 1304 2911 1399 2966; x_wconf 88' lang='lat' dir='ltr'>IV.</span> <span class='ocrx_word' id='word_1_204' title='bbox 1439 2916 1525 2966; x_wconf 82' lang='lat'>33.</span> 
     </span>
     <span class='ocr_line' id='line_1_29' title="bbox 408 2982 1530 3053; baseline 0.003 -19"><span class='ocrx_word' id='word_1_205' title='bbox 408 3012 476 3024; x_wconf 88' lang='lat'>-</span> <span class='ocrx_word' id='word_1_206' title='bbox 508 2982 619 3052; x_wconf 74' lang='lat' dir='ltr'>Qui</span> <span class='ocrx_word' id='word_1_207' title='bbox 650 2983 765 3050; x_wconf 79' lang='lat' dir='ltr'>ipse</span> <span class='ocrx_word' id='word_1_208' title='bbox 786 3021 797 3032; x_wconf 93' lang='lat'>.</span> <span class='ocrx_word' id='word_1_209' title='bbox 822 3021 833 3033; x_wconf 92' lang='lat'>.</span> <span class='ocrx_word' id='word_1_210' title='bbox 858 3022 870 3034; x_wconf 93' lang='lat'>.</span> <span class='ocrx_word' id='word_1_211' title='bbox 889 2982 1061 3053; x_wconf 80' lang='lat' dir='ltr'>sapit]</span> <span class='ocrx_word' id='word_1_212' title='bbox 1101 2982 1283 3037; x_wconf 88' lang='lat' dir='ltr'>damit</span> <span class='ocrx_word' id='word_1_213' title='bbox 1308 2983 1530 3037; x_wconf 88' lang='lat' dir='ltr'>stimmt</span> 
     </span>
     <span class='ocr_line' id='line_1_30' title="bbox 407 3050 1528 3124; baseline 0.002 -18"><span class='ocrx_word' id='word_1_214' title='bbox 407 3053 506 3107; x_wconf 87' lang='lat' dir='ltr'>der</span> <span class='ocrx_word' id='word_1_215' title='bbox 559 3053 714 3105; x_wconf 86' lang='lat' dir='ltr'>Fam.</span> <span class='ocrx_word' id='word_1_216' title='bbox 761 3050 906 3104; x_wconf 89' lang='lat' dir='ltr'>XIII.</span> <span class='ocrx_word' id='word_1_217' title='bbox 959 3057 1039 3106; x_wconf 86' lang='lat'>15.</span> <span class='ocrx_word' id='word_1_218' title='bbox 1088 3059 1138 3107; x_wconf 92' lang='lat'>2.</span> <span class='ocrx_word' id='word_1_219' title='bbox 1196 3054 1528 3124; x_wconf 78' lang='lat' dir='ltr'>angefflhrte</span> 
     </span>
     <span class='ocr_line' id='line_1_31' title="bbox 406 3122 1526 3210; baseline 0.002 -33"><span class='ocrx_word' id='word_1_220' title='bbox 406 3122 833 3210; x_wconf 53' lang='lat' dir='ltr'>Euripidpische</span> <span class='ocrx_word' id='word_1_221' title='bbox 865 3123 1026 3205; x_wconf 69' lang='lat' dir='ltr'>Yers:</span> <span class='ocrx_word' id='word_1_222' title='bbox 1060 3125 1203 3210; x_wconf 69' lang='grc' dir='ltr'>μισῶ</span> <span class='ocrx_word' id='word_1_223' title='bbox 1233 3124 1526 3193; x_wconf 81' lang='grc' dir='ltr'><strong><em>σοφιστήν,</em></strong></span> 
     </span>
     <span class='ocr_line' id='line_1_32' title="bbox 408 3211 1122 3265; baseline -0.001 -16"><span class='ocrx_word' id='word_1_224' title='bbox 408 3212 559 3256; x_wconf 83' lang='grc' dir='ltr'><strong>οστις</strong></span> <span class='ocrx_word' id='word_1_225' title='bbox 597 3213 700 3262; x_wconf 83' lang='grc' dir='ltr'>ουχ</span> <span class='ocrx_word' id='word_1_226' title='bbox 738 3214 891 3265; x_wconf 80' lang='grc' dir='ltr'><strong><em>αυτῳ</em></strong></span> <span class='ocrx_word' id='word_1_227' title='bbox 932 3211 1122 3263; x_wconf 87' lang='grc' dir='ltr'><strong>σοφος.</strong></span> 
     </span>
    </p>

    <p class='ocr_par' dir='ltr' id='par_1_10' title="bbox 383 3264 1530 3406">
     <span class='ocr_line' id='line_1_33' title="bbox 383 3264 1530 3335; baseline 0.005 -20"><span class='ocrx_word' id='word_1_228' title='bbox 383 3311 388 3315; x_wconf 79' lang='lat'>.</span> <span class='ocrx_word' id='word_1_229' title='bbox 480 3264 658 3319; x_wconf 66' lang='lat' dir='ltr'>Emer.</span> <span class='ocrx_word' id='word_1_230' title='bbox 689 3264 809 3319; x_wconf 89' lang='lat' dir='ltr'>XV.</span> <span class='ocrx_word' id='word_1_231' title='bbox 849 3265 991 3334; x_wconf 79' lang='lat'>(700.</span> <span class='ocrx_word' id='word_1_232' title='bbox 1025 3268 1134 3335; x_wconf 83' lang='lat'>54.)</span> <span class='ocrx_word' id='word_1_233' title='bbox 1172 3266 1250 3320; x_wconf 88' lang='lat' dir='ltr'>im</span> <span class='ocrx_word' id='word_1_234' title='bbox 1280 3265 1530 3321; x_wconf 75' lang='lat' dir='ltr'>Oktober</span> 
     </span>
     <span class='ocr_line' id='line_1_34' title="bbox 409 3335 1074 3406; baseline 0 -15"><span class='ocrx_word' id='word_1_235' title='bbox 409 3356 476 3391; x_wconf 85' lang='lat' dir='ltr'>zu</span> <span class='ocrx_word' id='word_1_236' title='bbox 510 3336 654 3390; x_wconf 86' lang='lat' dir='ltr'>Rom</span> <span class='ocrx_word' id='word_1_237' title='bbox 691 3335 1074 3406; x_wconf 86' lang='lat' dir='ltr'>geschrieben.</span> 
     </span>
    </p>

    <p class='ocr_par' dir='ltr' id='par_1_11' title="bbox 407 3406 1530 4459">
     <span class='ocr_line' id='line_1_35' title="bbox 488 3406 1530 3477; baseline 0.001 -17"><span class='ocrx_word' id='word_1_238' title='bbox 488 3414 535 3461; x_wconf 92' lang='lat'>1.</span> <span class='ocrx_word' id='word_1_239' title='bbox 593 3407 984 3477; x_wconf 77' lang='lat' dir='ltr'>subimpudens</span> <span class='ocrx_word' id='word_1_240' title='bbox 1072 3407 1185 3462; x_wconf 87' lang='lat' dir='ltr'>Der</span> <span class='ocrx_word' id='word_1_241' title='bbox 1234 3406 1530 3462; x_wconf 85' lang='lat' dir='ltr'>Gebrauch</span> 
     </span>
     <span class='ocr_line' id='line_1_36' title="bbox 409 3477 1529 3548; baseline 0 -15"><span class='ocrx_word' id='word_1_242' title='bbox 409 3480 508 3533; x_wconf 85' lang='lat' dir='ltr'>der</span> <span class='ocrx_word' id='word_1_243' title='bbox 536 3477 644 3533; x_wconf 87' lang='lat' dir='ltr'>mit</span> <span class='ocrx_word' id='word_1_244' title='bbox 668 3480 787 3533; x_wconf 82' lang='lat' dir='ltr'>sub</span> <span class='ocrx_word' id='word_1_245' title='bbox 808 3479 928 3547; x_wconf 86' lang='lat' dir='ltr'>(zur</span> <span class='ocrx_word' id='word_1_246' title='bbox 947 3481 996 3532; x_wconf 88' lang='lat' dir='ltr'>A</span> <span class='ocrx_word' id='word_1_247' title='bbox 1038 3479 1412 3548; x_wconf 66' lang='lat' dir='ltr'>schwachung</span> <span class='ocrx_word' id='word_1_248' title='bbox 1431 3480 1529 3534; x_wconf 90' lang='lat' dir='ltr'>des</span> 
     </span>
     <span class='ocr_line' id='line_1_37' title="bbox 409 3549 1527 3618; baseline 0 -15"><span class='ocrx_word' id='word_1_249' title='bbox 409 3550 751 3618; x_wconf 87' lang='lat' dir='ltr'>Ausdrucks)</span> <span class='ocrx_word' id='word_1_250' title='bbox 804 3549 1125 3618; x_wconf 88' lang='lat' dir='ltr'>gebildeten</span> <span class='ocrx_word' id='word_1_251' title='bbox 1174 3549 1527 3604; x_wconf 87' lang='lat' dir='ltr'>Zusammen-</span> 
     </span>
     <span class='ocr_line' id='line_1_38' title="bbox 409 3619 1528 3690; baseline 0.001 -16"><span class='ocrx_word' id='word_1_252' title='bbox 409 3626 713 3689; x_wconf 81' lang='lat' dir='ltr'>setzungen</span> <span class='ocrx_word' id='word_1_253' title='bbox 768 3621 869 3688; x_wconf 84' lang='lat' dir='ltr'>ist,</span> <span class='ocrx_word' id='word_1_254' title='bbox 927 3621 1104 3675; x_wconf 82' lang='lat' dir='ltr'>durch</span> <span class='ocrx_word' id='word_1_255' title='bbox 1159 3619 1260 3674; x_wconf 84' lang='lat' dir='ltr'>das</span> <span class='ocrx_word' id='word_1_256' title='bbox 1317 3637 1528 3690; x_wconf 86' lang='lat' dir='ltr'>augen—</span> 
     </span>
     <span class='ocr_line' id='line_1_39' title="bbox 408 3691 1529 3760; baseline -0.002 -14"><span class='ocrx_word' id='word_1_257' title='bbox 408 3691 709 3746; x_wconf 84' lang='lat' dir='ltr'>blickliche</span> <span class='ocrx_word' id='word_1_258' title='bbox 745 3691 1042 3746; x_wconf 73' lang='lat' dir='ltr'>Bediirfnis</span> <span class='ocrx_word' id='word_1_259' title='bbox 1087 3691 1419 3760; x_wconf 81' lang='lat' dir='ltr'>veranlal&#39;st,</span> <span class='ocrx_word' id='word_1_260' title='bbox 1467 3692 1529 3745; x_wconf 91' lang='lat' dir='ltr'>in</span> 
     </span>
     <span class='ocr_line' id='line_1_40' title="bbox 409 3761 1526 3832; baseline 0 -15"><span class='ocrx_word' id='word_1_261' title='bbox 409 3763 519 3817; x_wconf 86' lang='lat' dir='ltr'>den</span> <span class='ocrx_word' id='word_1_262' title='bbox 556 3762 779 3817; x_wconf 85' lang='lat' dir='ltr'>Briefen</span> <span class='ocrx_word' id='word_1_263' title='bbox 816 3763 1071 3832; x_wconf 66' lang='lat' dir='ltr'>haufiger</span> <span class='ocrx_word' id='word_1_264' title='bbox 1108 3764 1192 3817; x_wconf 86' lang='lat' dir='ltr'>als</span> <span class='ocrx_word' id='word_1_265' title='bbox 1228 3761 1289 3817; x_wconf 90' lang='lat' dir='ltr'>in</span> <span class='ocrx_word' id='word_1_266' title='bbox 1327 3766 1526 3818; x_wconf 83' lang='lat' dir='ltr'>sonsti-</span> 
     </span>
     <span class='ocr_line' id='line_1_41' title="bbox 407 3833 1529 3905; baseline 0 -16"><span class='ocrx_word' id='word_1_267' title='bbox 407 3851 515 3905; x_wconf 86' lang='lat' dir='ltr'>gen</span> <span class='ocrx_word' id='word_1_268' title='bbox 545 3834 842 3889; x_wconf 88' lang='lat' dir='ltr'>Schriften.</span> <span class='ocrx_word' id='word_1_269' title='bbox 902 3835 973 3889; x_wconf 86' lang='lat' dir='ltr'>So</span> <span class='ocrx_word' id='word_1_270' title='bbox 1000 3834 1189 3889; x_wconf 87' lang='lat' dir='ltr'>finden</span> <span class='ocrx_word' id='word_1_271' title='bbox 1219 3833 1365 3889; x_wconf 87' lang='lat' dir='ltr'>sich:</span> <span class='ocrx_word' id='word_1_272' title='bbox 1404 3836 1529 3889; x_wconf 82' lang='lat' dir='ltr'>sub-</span> 
     </span>
     <span class='ocr_line' id='line_1_42' title="bbox 407 3905 1529 3973; baseline 0.001 -13"><span class='ocrx_word' id='word_1_273' title='bbox 407 3908 590 3961; x_wconf 77' lang='lat' dir='ltr'>iratus</span> <span class='ocrx_word' id='word_1_274' title='bbox 625 3905 694 3961; x_wconf 93' lang='lat' dir='ltr'>II.</span> <span class='ocrx_word' id='word_1_275' title='bbox 731 3911 817 3959; x_wconf 81' lang='lat'>27.</span> <span class='ocrx_word' id='word_1_276' title='bbox 852 3910 898 3973; x_wconf 91' lang='lat'>1,</span> <span class='ocrx_word' id='word_1_277' title='bbox 934 3906 1367 3973; x_wconf 80' lang='lat' dir='ltr'>subdebilitatus,</span> <span class='ocrx_word' id='word_1_278' title='bbox 1405 3907 1529 3961; x_wconf 82' lang='lat' dir='ltr'>sub-</span> 
     </span>
     <span class='ocr_line' id='line_1_43' title="bbox 408 3976 1525 4045; baseline 0.003 -14"><span class='ocrx_word' id='word_1_279' title='bbox 408 3979 669 4045; x_wconf 72' lang='lat' dir='ltr'>qraudis,</span> <span class='ocrx_word' id='word_1_280' title='bbox 732 3978 1028 4032; x_wconf 74' lang='lat' dir='ltr'>subinanis</span> <span class='ocrx_word' id='word_1_281' title='bbox 1079 3996 1133 4032; x_wconf 91' lang='lat' dir='ltr'>u.</span> <span class='ocrx_word' id='word_1_282' title='bbox 1190 3995 1265 4042; x_wconf 84' lang='lat' dir='ltr'>a.;</span> <span class='ocrx_word' id='word_1_283' title='bbox 1332 3995 1373 4032; x_wconf 93' lang='lat' dir='ltr'>s.</span> <span class='ocrx_word' id='word_1_284' title='bbox 1429 3976 1525 4034; x_wconf 92' lang='grc' dir='ltr'><strong>ΠΙ.</strong></span> 
     </span>
     <span class='ocr_line' id='line_1_44' title="bbox 413 4048 1528 4117; baseline 0.002 -16"><span class='ocrx_word' id='word_1_285' title='bbox 413 4054 496 4101; x_wconf 92' lang='grc'><strong>12.</strong></span> <span class='ocrx_word' id='word_1_286' title='bbox 534 4053 584 4103; x_wconf 92' lang='grc'><strong>2.</strong></span> <span class='ocrx_word' id='word_1_287' title='bbox 639 4048 767 4117; x_wconf 88' lang='lat' dir='ltr'>Vgl.</span> <span class='ocrx_word' id='word_1_288' title='bbox 805 4066 873 4101; x_wconf 83' lang='lat' dir='ltr'>zu</span> <span class='ocrx_word' id='word_1_289' title='bbox 906 4065 1009 4117; x_wconf 80' lang='lat' dir='ltr'>per</span> <span class='ocrx_word' id='word_1_290' title='bbox 1044 4050 1083 4102; x_wconf 95' lang='lat' dir='ltr'>I.</span> <span class='ocrx_word' id='word_1_291' title='bbox 1119 4054 1164 4104; x_wconf 93' lang='lat' dir='ltr'>l.</span> <span class='ocrx_word' id='word_1_292' title='bbox 1196 4055 1245 4103; x_wconf 86' lang='grc'><strong>6.</strong></span> <span class='ocrx_word' id='word_1_293' title='bbox 1285 4079 1352 4088; x_wconf 93' lang='grc'>-</span> <span class='ocrx_word' id='word_1_294' title='bbox 1390 4054 1528 4103; x_wconf 84' lang='lat' dir='ltr'>tam·</span> 
     </span>
     <span class='ocr_line' id='line_1_45' title="bbox 408 4119 1422 4258; baseline 0.001 -17"><span class='ocrx_word' id='word_1_295' title='bbox 408 4135 583 4243; x_wconf 53' lang='lat' dir='ltr'>aas</span> <span class='ocrx_word' id='word_1_296' title='bbox 605 4119 1422 4258; x_wconf 55' lang='lat' dir='ltr'>⁶33⁹ss⁸fih2ffirdffizssssssg</span> 
     </span>
     <span class='ocr_line' id='line_1_46' title="bbox 411 4259 1527 4329; baseline 0.004 -17"><span class='ocrx_word' id='word_1_297' title='bbox 411 4259 580 4313; x_wconf 70' lang='lat' dir='ltr'>Casar</span> <span class='ocrx_word' id='word_1_298' title='bbox 634 4259 996 4329; x_wconf 85' lang='lat' dir='ltr'>gekommen,</span> <span class='ocrx_word' id='word_1_299' title='bbox 1051 4279 1145 4315; x_wconf 89' lang='lat' dir='ltr'>um</span> <span class='ocrx_word' id='word_1_300' title='bbox 1203 4261 1332 4315; x_wconf 89' lang='lat' dir='ltr'>dein</span> <span class='ocrx_word' id='word_1_301' title='bbox 1384 4260 1527 4317; x_wconf 87' lang='lat' dir='ltr'>Geld</span> 
     </span>
     <span class='ocr_line' id='line_1_47' title="bbox 412 4328 1529 4387; baseline 0.004 -4"><span class='ocrx_word' id='word_1_302' title='bbox 412 4328 858 4384; x_wconf 84' lang='lat' dir='ltr'>einzukassieren</span> <span class='ocrx_word' id='word_1_303' title='bbox 929 4332 1044 4384; x_wconf 89' lang='lat' dir='ltr'>und</span> <span class='ocrx_word' id='word_1_304' title='bbox 1107 4332 1258 4385; x_wconf 87' lang='lat' dir='ltr'>dann</span> <span class='ocrx_word' id='word_1_305' title='bbox 1320 4331 1529 4387; x_wconf 82' lang='lat' dir='ltr'>wieder</span> 
     </span>
     <span class='ocr_line' id='line_1_48' title="bbox 410 4400 1528 4459; baseline 0.005 -6"><span class='ocrx_word' id='word_1_306' title='bbox 410 4401 559 4454; x_wconf 88' lang='lat' dir='ltr'>nach</span> <span class='ocrx_word' id='word_1_307' title='bbox 586 4400 772 4454; x_wconf 87' lang='lat' dir='ltr'>Hause</span> <span class='ocrx_word' id='word_1_308' title='bbox 800 4418 868 4454; x_wconf 89' lang='lat' dir='ltr'>zu</span> <span class='ocrx_word' id='word_1_309' title='bbox 894 4402 1173 4457; x_wconf 87' lang='lat' dir='ltr'>kommen.</span> <span class='ocrx_word' id='word_1_310' title='bbox 1194 4434 1261 4443; x_wconf 91' lang='lat'>—</span> <span class='ocrx_word' id='word_1_311' title='bbox 1282 4403 1528 4459; x_wconf 76' lang='lat' dir='ltr'>Alexam-</span> 
     </span>
    </p>
   </div>
   <div class='ocr_carea' id='block_1_10' title="bbox 1634 2840 2759 4477">
    <p class='ocr_par' dir='ltr' id='par_1_12' title="bbox 1634 2840 2759 3820">
     <span class='ocr_line' id='line_1_49' title="bbox 1635 2840 2757 2914; baseline 0.002 -19"><span class='ocrx_word' id='word_1_312' title='bbox 1635 2841 1851 2914; x_wconf 85' lang='lat' dir='ltr'>dream]</span> <span class='ocrx_word' id='word_1_313' title='bbox 1951 2840 2081 2896; x_wconf 89' lang='lat' dir='ltr'>Der.</span> <span class='ocrx_word' id='word_1_314' title='bbox 2160 2841 2346 2911; x_wconf 75' lang='lat' dir='ltr'>Konig</span> <span class='ocrx_word' id='word_1_315' title='bbox 2434 2843 2757 2897; x_wconf 64' lang='lat' dir='ltr'>Ptolemaus</span> 
     </span>
     <span class='ocr_line' id='line_1_50' title="bbox 1634 2911 2758 2981; baseline 0.003 -16"><span class='ocrx_word' id='word_1_316' title='bbox 1634 2911 1890 2981; x_wconf 88' lang='lat' dir='ltr'>Auletes,</span> <span class='ocrx_word' id='word_1_317' title='bbox 1949 2913 2038 2967; x_wconf 90' lang='lat' dir='ltr'>ein</span> <span class='ocrx_word' id='word_1_318' title='bbox 2082 2913 2304 2968; x_wconf 87' lang='lat' dir='ltr'>Freund</span> <span class='ocrx_word' id='word_1_319' title='bbox 2349 2913 2464 2967; x_wconf 89' lang='lat' dir='ltr'>und</span> <span class='ocrx_word' id='word_1_320' title='bbox 2509 2912 2758 2969; x_wconf 87' lang='lat' dir='ltr'>Bundes·</span> 
     </span>
     <span class='ocr_line' id='line_1_51' title="bbox 1636 2983 2757 3052; baseline 0.002 -15"><span class='ocrx_word' id='word_1_321' title='bbox 1636 2998 1872 3052; x_wconf 86' lang='lat' dir='ltr'>genosse</span> <span class='ocrx_word' id='word_1_322' title='bbox 1937 2983 2035 3037; x_wconf 86' lang='lat' dir='ltr'>des</span> <span class='ocrx_word' id='word_1_323' title='bbox 2098 2990 2235 3039; x_wconf 76' lang='lat' dir='ltr'>rom.</span> <span class='ocrx_word' id='word_1_324' title='bbox 2292 2985 2535 3052; x_wconf 69' lang='lat' dir='ltr'>Volkes‚</span> <span class='ocrx_word' id='word_1_325' title='bbox 2596 2986 2757 3039; x_wconf 86' lang='lat' dir='ltr'>hatte</span> 
     </span>
     <span class='ocr_line' id='line_1_52' title="bbox 1635 3053 2757 3125; baseline -0.001 -16"><span class='ocrx_word' id='word_1_326' title='bbox 1635 3053 1778 3120; x_wconf 88' lang='lat' dir='ltr'>sich,</span> <span class='ocrx_word' id='word_1_327' title='bbox 1834 3073 1928 3108; x_wconf 88' lang='lat' dir='ltr'>um</span> <span class='ocrx_word' id='word_1_328' title='bbox 1977 3055 2104 3109; x_wconf 87' lang='lat' dir='ltr'>dem</span> <span class='ocrx_word' id='word_1_329' title='bbox 2152 3056 2327 3110; x_wconf 85' lang='lat' dir='ltr'>Hasse</span> <span class='ocrx_word' id='word_1_330' title='bbox 2375 3056 2474 3110; x_wconf 88' lang='lat' dir='ltr'>der</span> <span class='ocrx_word' id='word_1_331' title='bbox 2520 3056 2757 3125; x_wconf 85' lang='lat' dir='ltr'>eigenen</span> 
     </span>
     <span class='ocr_line' id='line_1_53' title="bbox 1635 3125 2758 3196; baseline 0.001 -17"><span class='ocrx_word' id='word_1_332' title='bbox 1635 3125 2019 3180; x_wconf 80' lang='lat' dir='ltr'>Unterthanen</span> <span class='ocrx_word' id='word_1_333' title='bbox 2039 3144 2107 3180; x_wconf 85' lang='lat' dir='ltr'>zu</span> <span class='ocrx_word' id='word_1_334' title='bbox 2127 3129 2422 3196; x_wconf 86' lang='lat' dir='ltr'>entgehen‚</span> <span class='ocrx_word' id='word_1_335' title='bbox 2447 3128 2592 3181; x_wconf 87' lang='lat' dir='ltr'>nach</span> <span class='ocrx_word' id='word_1_336' title='bbox 2613 3127 2758 3180; x_wconf 87' lang='lat' dir='ltr'>Rom</span> 
     </span>
     <span class='ocr_line' id='line_1_54' title="bbox 1636 3196 2755 3268; baseline 0 -18"><span class='ocrx_word' id='word_1_337' title='bbox 1636 3196 1960 3265; x_wconf 69' lang='lat' dir='ltr'>geflt&#39;ichtet.</span> <span class='ocrx_word' id='word_1_338' title='bbox 2007 3198 2116 3251; x_wconf 91' lang='lat' dir='ltr'>Um</span> <span class='ocrx_word' id='word_1_339' title='bbox 2145 3198 2235 3252; x_wconf 89' lang='lat' dir='ltr'>die</span> <span class='ocrx_word' id='word_1_340' title='bbox 2265 3198 2755 3268; x_wconf 87' lang='lat' dir='ltr'>Verhandlungen,</span> 
     </span>
     <span class='ocr_line' id='line_1_55' title="bbox 1638 3266 2756 3323; baseline 0.003 -3"><span class='ocrx_word' id='word_1_341' title='bbox 1638 3267 1728 3321; x_wconf 88' lang='lat' dir='ltr'>die</span> <span class='ocrx_word' id='word_1_342' title='bbox 1794 3266 1874 3321; x_wconf 91' lang='lat' dir='ltr'>im</span> <span class='ocrx_word' id='word_1_343' title='bbox 1936 3272 2073 3322; x_wconf 73' lang='lat' dir='ltr'>rom.</span> <span class='ocrx_word' id='word_1_344' title='bbox 2133 3268 2336 3323; x_wconf 86' lang='lat' dir='ltr'>Senate</span> <span class='ocrx_word' id='word_1_345' title='bbox 2398 3268 2539 3323; x_wconf 76' lang='lat' dir='ltr'>fiber</span> <span class='ocrx_word' id='word_1_346' title='bbox 2604 3269 2756 3323; x_wconf 88' lang='lat' dir='ltr'>seine</span> 
     </span>
     <span class='ocr_line' id='line_1_56' title="bbox 1637 3337 2758 3410; baseline 0 -18"><span class='ocrx_word' id='word_1_347' title='bbox 1637 3337 2102 3409; x_wconf 73' lang='lat' dir='ltr'>Zun&#39;ickffihrung</span> <span class='ocrx_word' id='word_1_348' title='bbox 2159 3340 2454 3410; x_wconf 81' lang='lat' dir='ltr'>gepflogen</span> <span class='ocrx_word' id='word_1_349' title='bbox 2510 3340 2758 3407; x_wconf 79' lang='lat' dir='ltr'>wurden,</span> 
     </span>
     <span class='ocr_line' id='line_1_57' title="bbox 1638 3409 2756 3480; baseline 0.002 -17"><span class='ocrx_word' id='word_1_350' title='bbox 1638 3410 1814 3463; x_wconf 87' lang='lat' dir='ltr'>durch</span> <span class='ocrx_word' id='word_1_351' title='bbox 1833 3409 2019 3465; x_wconf 86' lang='lat' dir='ltr'>reiche</span> <span class='ocrx_word' id='word_1_352' title='bbox 2031 3410 2425 3480; x_wconf 84' lang='lat' dir='ltr'>Geldspenden</span> <span class='ocrx_word' id='word_1_353' title='bbox 2440 3430 2505 3465; x_wconf 83' lang='lat' dir='ltr'>zu</span> <span class='ocrx_word' id='word_1_354' title='bbox 2518 3411 2756 3476; x_wconf 72' lang='lat' dir='ltr'>sordem,</span> 
     </span>
     <span class='ocr_line' id='line_1_58' title="bbox 1635 3481 2759 3564; baseline 0.001 -30"><span class='ocrx_word' id='word_1_355' title='bbox 1635 3481 1795 3535; x_wconf 87' lang='lat' dir='ltr'>hatte</span> <span class='ocrx_word' id='word_1_356' title='bbox 1843 3499 1904 3535; x_wconf 86' lang='lat' dir='ltr'>er</span> <span class='ocrx_word' id='word_1_357' title='bbox 1949 3499 2061 3536; x_wconf 86' lang='lat' dir='ltr'>von</span> <span class='ocrx_word' id='word_1_358' title='bbox 2108 3483 2215 3564; x_wconf 76' lang='lat' dir='ltr'>den</span> <span class='ocrx_word' id='word_1_359' title='bbox 2252 3488 2389 3536; x_wconf 72' lang='lat' dir='ltr'>rom.</span> <span class='ocrx_word' id='word_1_360' title='bbox 2428 3481 2759 3536; x_wconf 85' lang='lat' dir='ltr'>Wechslern</span> 
     </span>
     <span class='ocr_line' id='line_1_59' title="bbox 1637 3552 2759 3693; baseline -0.001 -16"><span class='ocrx_word' id='word_1_361' title='bbox 1637 3566 1819 3693; x_wconf 60' lang='lat' dir='ltr'>{355ss</span> <span class='ocrx_word' id='word_1_362' title='bbox 1848 3552 2280 3678; x_wconf 53' lang='grc' dir='ltr'>νῖἓέἓίξῖἲῖἲέ</span> <span class='ocrx_word' id='word_1_363' title='bbox 2287 3569 2420 3678; x_wconf 65' lang='lat'>533.</span> <span class='ocrx_word' id='word_1_364' title='bbox 2434 3552 2638 3693; x_wconf 57' lang='lat' dir='ltr'>sssssssssr,</span> <span class='ocrx_word' id='word_1_365' title='bbox 2662 3569 2759 3676; x_wconf 55' lang='lat' dir='ltr'>{fg</span> 
     </span>
     <span class='ocr_line' id='line_1_60' title="bbox 1637 3694 2756 3749; baseline -0.001 -1"><span class='ocrx_word' id='word_1_366' title='bbox 1637 3694 1716 3748; x_wconf 90' lang='lat' dir='ltr'>sie</span> <span class='ocrx_word' id='word_1_367' title='bbox 1799 3694 1906 3749; x_wconf 87' lang='lat' dir='ltr'>mit</span> <span class='ocrx_word' id='word_1_368' title='bbox 1984 3696 2143 3748; x_wconf 88' lang='lat' dir='ltr'>ihren</span> <span class='ocrx_word' id='word_1_369' title='bbox 2225 3695 2530 3749; x_wconf 86' lang='lat' dir='ltr'>Wechseln</span> <span class='ocrx_word' id='word_1_370' title='bbox 2610 3695 2756 3748; x_wconf 86' lang='lat' dir='ltr'>nach</span> 
     </span>
     <span class='ocr_line' id='line_1_61' title="bbox 1636 3764 2531 3820; baseline 0 -2"><span class='ocrx_word' id='word_1_371' title='bbox 1636 3764 2012 3819; x_wconf 85' lang='lat' dir='ltr'>Alexandrien</span> <span class='ocrx_word' id='word_1_372' title='bbox 2051 3784 2116 3819; x_wconf 85' lang='lat' dir='ltr'>zu</span> <span class='ocrx_word' id='word_1_373' title='bbox 2152 3764 2272 3819; x_wconf 85' lang='lat' dir='ltr'>ihm</span> <span class='ocrx_word' id='word_1_374' title='bbox 2310 3767 2531 3820; x_wconf 88' lang='lat' dir='ltr'>kamen.</span> 
     </span>
    </p>

    <p class='ocr_par' dir='ltr' id='par_1_13' title="bbox 1635 3835 2759 4477">
     <span class='ocr_line' id='line_1_62' title="bbox 1709 3835 2757 3907; baseline -0.001 -18"><span class='ocrx_word' id='word_1_375' title='bbox 1709 3842 1758 3889; x_wconf 91' lang='grc'><strong>2.</strong></span> <span class='ocrx_word' id='word_1_376' title='bbox 1816 3852 1981 3904; x_wconf 82' lang='lat' dir='ltr'>opera</span> <span class='ocrx_word' id='word_1_377' title='bbox 2043 3837 2166 3907; x_wconf 85' lang='lat' dir='ltr'>tua]</span> <span class='ocrx_word' id='word_1_378' title='bbox 2233 3836 2510 3891; x_wconf 85' lang='lat' dir='ltr'>kollektiv</span> <span class='ocrx_word' id='word_1_379' title='bbox 2569 3835 2757 3890; x_wconf 86' lang='lat' dir='ltr'>‘deine</span> 
     </span>
     <span class='ocr_line' id='line_1_63' title="bbox 1637 3906 2759 3978; baseline -0.001 -18"><span class='ocrx_word' id='word_1_380' title='bbox 1637 3914 1810 3978; x_wconf 81' lang='lat' dir='ltr'>guten</span> <span class='ocrx_word' id='word_1_381' title='bbox 1857 3906 2140 3976; x_wconf 88' lang='lat' dir='ltr'>Dienste’,</span> <span class='ocrx_word' id='word_1_382' title='bbox 2197 3908 2286 3962; x_wconf 86' lang='lat' dir='ltr'>die</span> <span class='ocrx_word' id='word_1_383' title='bbox 2338 3924 2399 3961; x_wconf 90' lang='lat' dir='ltr'>er</span> <span class='ocrx_word' id='word_1_384' title='bbox 2445 3906 2559 3961; x_wconf 87' lang='lat' dir='ltr'>Cic.</span> <span class='ocrx_word' id='word_1_385' title='bbox 2607 3906 2759 3959; x_wconf 83' lang='lat' dir='ltr'>wohl</span> 
     </span>
     <span class='ocr_line' id='line_1_64' title="bbox 1637 3977 2753 4049; baseline -0.001 -18"><span class='ocrx_word' id='word_1_386' title='bbox 1637 3978 1721 4032; x_wconf 91' lang='lat' dir='ltr'>als</span> <span class='ocrx_word' id='word_1_387' title='bbox 1766 3979 1945 4032; x_wconf 86' lang='lat' dir='ltr'>Jurist</span> <span class='ocrx_word' id='word_1_388' title='bbox 1989 3978 2270 4034; x_wconf 82' lang='lat' dir='ltr'>erwiesen.</span> <span class='ocrx_word' id='word_1_389' title='bbox 2309 4010 2380 4018; x_wconf 90' lang='lat'>-</span> <span class='ocrx_word' id='word_1_390' title='bbox 2418 3977 2753 4049; x_wconf 75' lang='lat' dir='ltr'>auyendum]</span> 
     </span>
     <span class='ocr_line' id='line_1_65' title="bbox 1635 4046 2754 4175; baseline -0.001 -72"><span class='ocrx_word' id='word_1_391' title='bbox 1635 4066 1832 4175; x_wconf 47' lang='lat' dir='ltr'>augere</span> <span class='ocrx_word' id='word_1_392' title='bbox 1867 4050 2043 4104; x_wconf 83' lang='lat' dir='ltr'>findet</span> <span class='ocrx_word' id='word_1_393' title='bbox 2072 4049 2311 4175; x_wconf 50' lang='lat' dir='ltr'>{ichdbei</span> <span class='ocrx_word' id='word_1_394' title='bbox 2340 4046 2533 4173; x_wconf 40' lang='lat' dir='ltr'>Cic-:tero</span> <span class='ocrx_word' id='word_1_395' title='bbox 2562 4047 2754 4173; x_wconf 63' lang='lat' dir='ltr'>hapafig</span> 
     </span>
     <span class='ocr_line' id='line_1_66' title="bbox 1635 4120 2755 4176; baseline -0.003 -2"><span class='ocrx_word' id='word_1_396' title='bbox 1635 4138 1716 4174; x_wconf 82' lang='lat' dir='ltr'>mi</span> <span class='ocrx_word' id='word_1_397' title='bbox 1756 4138 1955 4176; x_wconf 78' lang='lat' dir='ltr'>ornare</span> <span class='ocrx_word' id='word_1_398' title='bbox 1973 4137 2071 4175; x_wconf 86' lang='lat' dir='ltr'>ver</span> <span class='ocrx_word' id='word_1_399' title='bbox 2110 4139 2185 4175; x_wconf 90' lang='lat' dir='ltr'>un</span> <span class='ocrx_word' id='word_1_400' title='bbox 2226 4138 2320 4176; x_wconf 85' lang='lat' dir='ltr'>en·</span> <span class='ocrx_word' id='word_1_401' title='bbox 2350 4137 2430 4174; x_wconf 79' lang='lat' dir='ltr'>mi</span> <span class='ocrx_word' id='word_1_402' title='bbox 2473 4120 2635 4174; x_wconf 78' lang='lat' dir='ltr'>hones</span> <span class='ocrx_word' id='word_1_403' title='bbox 2695 4135 2755 4172; x_wconf 83' lang='lat' dir='ltr'>re</span> 
     </span>
     <span class='ocr_line' id='line_1_67' title="bbox 1637 4161 2758 4261; baseline -0.001 -17"><span class='ocrx_word' id='word_1_404' title='bbox 1637 4191 1708 4244; x_wconf 88' lang='lat' dir='ltr'>de</span> <span class='ocrx_word' id='word_1_405' title='bbox 1747 4191 1836 4246; x_wconf 89' lang='lat' dir='ltr'>off.</span> <span class='ocrx_word' id='word_1_406' title='bbox 1867 4191 1934 4246; x_wconf 93' lang='grc' dir='ltr'><strong>ΙΙ.</strong></span> <span class='ocrx_word' id='word_1_407' title='bbox 1965 4198 2013 4247; x_wconf 87' lang='grc'><strong>6.</strong></span> <span class='ocrx_word' id='word_1_408' title='bbox 2045 4198 2139 4246; x_wconf 88' lang='lat'>21:</span> <span class='ocrx_word' id='word_1_409' title='bbox 2181 4161 2542 4261; x_wconf 72' lang='lat' dir='ltr'>Qua⁷ecwnque</span> <span class='ocrx_word' id='word_1_410' title='bbox 2582 4191 2758 4260; x_wconf 65' lang='grc' dir='ltr'><em>ὁρίων</em></span> 
     </span>
     <span class='ocr_line' id='line_1_68' title="bbox 1635 4262 2759 4319; baseline -0.004 -2"><span class='ocrx_word' id='word_1_411' title='bbox 1635 4264 1873 4317; x_wconf 74' lang='lat' dir='ltr'>homines</span> <span class='ocrx_word' id='word_1_412' title='bbox 1937 4264 2148 4319; x_wconf 78' lang='lat' dir='ltr'>homini</span> <span class='ocrx_word' id='word_1_413' title='bbox 2200 4264 2456 4317; x_wconf 76' lang='lat' dir='ltr'>tribuunt</span> <span class='ocrx_word' id='word_1_414' title='bbox 2509 4262 2586 4316; x_wconf 83' lang='lat' dir='ltr'>ad</span> <span class='ocrx_word' id='word_1_415' title='bbox 2639 4277 2759 4315; x_wconf 84' lang='lat' dir='ltr'>eum</span> 
     </span>
     <span class='ocr_line' id='line_1_69' title="bbox 1637 4333 2757 4405; baseline -0.003 -17"><span class='ocrx_word' id='word_1_416' title='bbox 1637 4335 1946 4402; x_wconf 72' lang='lat' dir='ltr'>auyeudum</span> <span class='ocrx_word' id='word_1_417' title='bbox 2005 4340 2165 4405; x_wconf 76' lang='lat' dir='ltr'>atque</span> <span class='ocrx_word' id='word_1_418' title='bbox 2217 4333 2626 4389; x_wconf 72' lang='lat' dir='ltr'>honestandam.</span> <span class='ocrx_word' id='word_1_419' title='bbox 2687 4362 2757 4371; x_wconf 90' lang='lat'>—</span> 
     </span>
     <span class='ocr_line' id='line_1_70' title="bbox 1636 4404 2757 4477; baseline -0.001 -17"><span class='ocrx_word' id='word_1_420' title='bbox 1636 4406 1700 4460; x_wconf 78' lang='lat' dir='ltr'>in</span> <span class='ocrx_word' id='word_1_421' title='bbox 1732 4406 2100 4477; x_wconf 73' lang='lat' dir='ltr'>provinciam]</span> <span class='ocrx_word' id='word_1_422' title='bbox 2149 4424 2191 4460; x_wconf 90' lang='lat' dir='ltr'>s.</span> <span class='ocrx_word' id='word_1_423' title='bbox 2231 4406 2318 4460; x_wconf 93' lang='lat' dir='ltr'>ob.</span> <span class='ocrx_word' id='word_1_424' title='bbox 2359 4404 2426 4458; x_wconf 96' lang='lat' dir='ltr'>II.</span> <span class='ocrx_word' id='word_1_425' title='bbox 2470 4409 2557 4458; x_wconf 88' lang='lat'>13.</span> <span class='ocrx_word' id='word_1_426' title='bbox 2598 4409 2645 4459; x_wconf 91' lang='lat'>1.</span> <span class='ocrx_word' id='word_1_427' title='bbox 2686 4434 2757 4442; x_wconf 92' lang='lat'><strong>—</strong></span> 
     </span>
    </p>
   </div>
   <div class='ocr_carea' id='block_1_11' title="bbox 2993 1010 2997 4061">
    <p class='ocr_par' dir='ltr' id='par_1_14' title="bbox 2993 1010 2997 4061">
     <span class='ocr_line' id='line_1_71' title="bbox 2993 1010 2997 4061; baseline 0 0"><span class='ocrx_word' id='word_1_428' title='bbox 2993 1010 2997 4061; x_wconf 95' lang='lat' dir='ltr'> </span> 
     </span>
    </p>
   </div>
  </div>
 </body>
</html>
