3000 4917
465 225 591 290 156

1239 223 1373 279 LIB.
1411 224 1504 278 111.
1542 223 1767 279 EPIST.
1809 231 2036 285 12-14.

1363 386 1723 452 EPISTULA
1765 388 1908 453 XII.

1377 508 1488 578 (Ad
1523 507 1657 563 fam.
1693 508 1786 564 IX.
1829 511 1902 581 1.)

1221 613 1480 669 CICERO
1520 615 1856 670 VARRONI
1894 615 2043 671 SAL.

648 725 748 791 Ex
792 726 873 791 iis
920 726 1183 809 litteris,
1235 747 1396 809 quas
1444 725 1700 790 Atticus
1748 748 1787 790 a
1830 729 1896 789 te
1942 726 2176 791 missas
2222 726 2384 791 mihi
2429 726 2614 812 legit,
2667 728 2834 812 quid

474 835 700 899 ageres
739 819 806 880 et
841 814 951 879 ubi
990 835 1182 897 esses,
1228 814 1532 898 cognovi3
1579 813 1832 897 quando
1883 818 2099 878 autem
2144 818 2213 878 te
2259 815 2463 880 visuri
2508 837 2838 901 essemus,

469 904 636 968 nihil
686 926 841 968 sane
889 926 967 968 ex
1013 902 1241 968 iisdem
1295 902 1532 967 litteris
1578 903 1763 985 potui
1810 903 2139 986 suspicari.
2229 903 2305 968 In
2360 926 2541 988 spem
2593 909 2837 970 tamen

469 993 657 1057 venio
698 993 1217 1077 appropinquare
1259 994 1445 1056 tuum
1491 990 1864 1055 adventum:
1911 992 2021 1076 qui
2066 993 2227 1057 mihi
2269 993 2525 1057 utinam
2574 995 2836 1059 solacio

472 1083 584 1146 sit!
641 1083 765 1146 etsi
821 1084 926 1146 tot
979 1080 1307 1164 tantisque
1360 1080 1554 1144 rebus
1609 1101 1940 1165 urgemur,
1994 1081 2244 1145 nullam
2297 1085 2371 1146 ut
2421 1083 2837 1148 levationem

473 1171 812 1255 quisquam
866 1191 999 1234 non
1052 1168 1474 1234 stultissimus
1533 1190 1792 1252 sperare
1838 1169 2096 1254 debeat3
2154 1170 2267 1234 sed
2312 1175 2537 1236 tamen
2588 1177 2717 1236 aut
2763 1179 2835 1237 tu

411 1262 452 1325 2
473 1262 661 1345 potes
710 1281 812 1322 me
861 1262 974 1322 aut
1020 1279 1140 1344 ego
1187 1263 1253 1321 te
1289 1258 1568 1322 fortasse
1605 1257 1823 1342 aliqua
1860 1280 1929 1322 re
1964 1257 2207 1323 iuvare.
2273 1257 2445 1324 Scito
2485 1261 2666 1324 enim
2712 1283 2835 1345 me,

477 1351 899 1432 posteaquam
955 1348 1024 1410 in
1076 1346 1302 1411 urbem
1358 1347 1670 1429 venerim,
1716 1346 1960 1411 redisse
2007 1369 2154 1411 cum
2198 1348 2523 1413 veteribus
2574 1351 2834 1434 amiciS,

475 1437 543 1501 id
589 1440 715 1521 est,
762 1457 908 1500 cum
953 1435 1137 1500 libris
1182 1435 1453 1518 nostris,
1498 1435 1568 1499 in
1616 1436 1922 1519 gratiam3
1970 1436 2094 1499 etsi
2137 1458 2268 1501 non
2313 1437 2550 1503 idcirco
2603 1460 2835 1503 eorum

477 1548 665 1590 usum
726 1525 1124 1607 dimiseram,
1181 1525 1350 1609 quod
1404 1524 1483 1588 iis
1544 1544 2011 1608 succenserem‚
2068 1524 2177 1589 sed
2232 1526 2404 1609 quod
2450 1548 2687 1591 eorum
2740 1550 2838 1592 me

480 1613 912 1698 suppudebat3
950 1614 1214 1678 videbar
1242 1612 1415 1676 enim
1443 1613 1622 1692 mihi,
1660 1634 1804 1677 cum
1842 1634 1945 1676 me
1981 1614 2049 1676 in
2086 1634 2189 1678 res
2226 1615 2839 1680 turbulentissimas

477 1702 942 1767 infidelissimis
999 1702 1193 1767 sociis
1250 1702 1685 1785 demisissem‚
1732 1702 2099 1786 ‚praeceptis
2155 1702 2417 1767 illorum
2474 1725 2612 1768 non
2674 1706 2838 1769 satis

474 1793 784 1877 paruisse.
875 1790 1233 1876 Ignoscunt
1286 1790 1472 1874 mihi,
1536 1794 1843 1856 revocant
1898 1791 1968 1855 in
2023 1791 2554 1856 consuetudinem
2613 1794 2838 1877 pristi-

476 1903 631 1946 nam
684 1885 902 1965 teque,
959 1879 1130 1964 quod
1183 1880 1249 1943 in
1303 1900 1376 1942 eo
1434 1880 1897 1964 permanseris,
1953 1880 2413 1965 sapientiorem
2471 1901 2676 1965 quam
2737 1903 2836 1945 me

478 1970 700 2034 dicunt
743 1969 964 2035 fuisse.
1056 1968 1520 2051 Quamobrem,
1577 1969 1884 2052 quoniam
1930 1969 2202 2053 placatis
2249 1970 2331 2034 iis
2380 1972 2556 2053 utor,
2612 1971 2838 2035 videor

480 2079 735 2141 sperare
774 2057 1021 2140 debere,
1068 2058 1123 2121 si
1161 2060 1225 2120 te
1264 2055 1557 2141 viderim,
1603 2060 1668 2121 et
1705 2079 1799 2141 ea,
1845 2078 2013 2141 quae
2053 2063 2370 2143 premant,
2417 2063 2483 2122 et
2521 2080 2620 2143 ea,
2669 2081 2836 2144 quae

477 2147 911 2230 impendeant,
947 2167 1050 2210 me
1089 2146 1279 2211 facile
1316 2146 1762 2210 transiturum.
1820 2145 2274 2232 Quamobrem,
2311 2148 2446 2211 sive
2482 2147 2556 2211 in
2586 2148 2837 2213 Tuscue

478 2237 630 2300 lano
679 2235 814 2300 sive
860 2235 928 2298 in
969 2233 1259 2300 Cumano
1306 2233 1387 2298 ad
1433 2240 1498 2298 te
1545 2235 1832 2318 placebit
1877 2236 2036 2318 sive,
2085 2235 2254 2318 quod
2301 2236 2564 2300 minime
2616 2238 2837 2323 velim,

480 2323 744 2407 Romae,
790 2323 1139 2389 dummodo
1188 2324 1381 2388 simul
1429 2323 1650 2407 simus,
1695 2323 2027 2407 perficiam
2074 2324 2383 2409 profecto,
2430 2328 2505 2389 ut
2550 2324 2623 2388 id
2671 2327 2838 2391 utri-

482 2436 606 2498 que
653 2418 949 2478 nostrum
997 2412 1595 2478 commodissimum
1643 2434 1784 2477 esse
1830 2412 2138 2477 videatur.

1367 2606 1725 2672 EPISTULA
1760 2606 1941 2674 XIII.

1389 2728 1499 2799 (Ad
1536 2729 1667 2784 fam.
1705 2727 1800 2783 IX.
1841 2731 1914 2798 3.)

1318 2834 1574 2891 CICERO
1633 2835 1983 2891 VARRONI.

664 2945 829 3025 Etsi,
876 2946 1028 3030 quid
1074 2946 1443 3030 scriberem,
1488 2966 1623 3009 non
1666 2944 2005 3028 habebam,
2050 2948 2271 3009 tamen
2311 2942 2590 3011 Caninio
2641 2946 2722 3011 ad
2769 2951 2832 3012 te

485 3036 666 3100 eunti
719 3056 854 3099 non
906 3034 1090 3118 potui
1143 3034 1309 3099 nihil
1365 3033 1536 3098 dare.
1629 3032 1796 3110 Quid
1844 3054 1999 3119 ergo
2047 3034 2457 3117 potissimum
2503 3034 2832 3101 scribam?

556 3190 733 3246 Emer.
771 3188 892 3246 XII.
948 3192 1092 3259 (708.
1130 3193 1238 3261 46.)
1306 3192 1418 3245 Der
1454 3188 1615 3244 Brief
1712 3191 1896 3262 usum]
1975 3191 2250 3260 Umgang.
2322 3221 2388 3230 —
2462 3193 2830 3263 suppudebat]

484 3264 563 3318 ist
598 3280 663 3315 zu
692 3262 838 3316 Rom
874 3260 952 3314 im
981 3260 1238 3330 Anfange
1277 3263 1374 3315 des
1406 3261 1607 3315 Jahres

485 3334 865 3404 geschrieben.
939 3333 1117 3388 Varro
1155 3331 1299 3387 hielt
1343 3332 1463 3386 sich
1512 3333 1606 3386 da-

485 3406 626 3460 mals
666 3406 766 3458 auf
801 3406 992 3460 seinen
1030 3403 1393 3473 Landgfitern
1430 3404 1543 3458 auf.

562 3483 606 3531 1.
662 3478 761 3531 etsi
815 3518 828 3531 .
883 3518 895 3531 .
948 3476 1230 3545 uryemur]
1298 3473 1409 3527 Der
1476 3473 1605 3529 Satz

487 3547 741 3602 schliesst
791 3547 914 3601 sich
961 3548 1045 3601 als
1092 3545 1500 3614 Berichtigung
1546 3546 1605 3599 in

469 3619 587 3673 'der
646 3619 811 3672 Form
876 3616 1031 3672 einer
1084 3615 1467 3686 Einraumung
1531 3632 1603 3670 an

486 3691 589 3744 das
628 3688 1102 3759 Vorhergehende
1140 3705 1228 3741 an.
1305 3686 1494 3756 Vergl.
1533 3686 1603 3741 ΙΙ.

488 3768 572 3817 23.
614 3768 675 3815 2:
713 3763 927 3816 tametsi
963 3766 1059 3816 cet.

557 3840 607 3887 2.
644 3834 709 3886 in
743 3833 929 3888 urbem
964 3830 1224 3901 venerim]
1267 3830 1424 3885 Ende
1462 3830 1516 3883 d.
1551 3829 1601 3883 J.

486 3910 582 3971 4⁷3
630 3922 670 3959 s.
712 3903 856 3959 Einl.
904 3934 972 3943 —
1014 3920 1197 3959 eorum
1240 3919 1401 3958 usum
1446 3901 1601 3971 dim]

487 3974 646 4028 Auch
710 3974 986 4029 nachdem
1050 3992 1110 4029 er
1165 3974 1286 4028 sich
1340 3989 1451 4027 von
1506 3973 1604 4026 der

487 4046 676 4100 Partei
703 4047 801 4099 des
822 4045 1119 4117 Pompejus
1140 4046 1403 4115 getrennt
1426 4046 1604 4111 hatte,

487 4132 605 4171 war
640 4133 700 4171 er
724 4118 990 4172 wahrend
1019 4119 1199 4171 seines
1226 4116 1338 4170 fast
1356 4115 1447 4170 ein
1466 4115 1500 4169 J
1504 4116 1606 4168 ahr

488 4187 807 4241 dauernden
873 4187 1306 4257 unfreIwilligen
1370 4186 1606 4241 Aufent-

486 4256 671 4310 haltes
716 4258 778 4310 in
825 4257 1183 4312 Brundisium
1228 4260 1459 4329 gequ'alt
1494 4272 1606 4311 von

492 4328 704 4394 Sor-gen
742 4329 840 4381 der
876 4330 1319 4398 Beschaftigung
1354 4330 1462 4383 mit
1497 4329 1606 4382 den

489 4395 972 4452 wissenschaften
1017 4400 1139 4453 fem
1184 4400 1497 4469 geblieben.
1537 4428 1604 4437 —

1714 3262 1853 3316 iiber
1907 3261 2008 3314 das
2057 3260 2451 3331 Kompositum
2505 3262 2619 3331 vgl.
2665 3283 2710 3318 z.
2759 3264 2826 3319 11.

1718 3340 1799 3387 15.
1852 3339 1897 3387 1.
1958 3364 2022 3372 —-
2079 3334 2263 3403 sociis]
2319 3332 2701 3403 Pompejaner.
2761 3365 2827 3375 -—

1706 3404 2098 3475 permanseris]
2130 3406 2272 3458 auch
2300 3405 2378 3457 im
2405 3403 2612 3473 Kriege
2640 3406 2825 3460 unter-

1713 3476 1886 3529 brach
1916 3475 2091 3529 Varro
2120 3473 2274 3529 seine
2303 3473 2538 3530 Studien
2562 3475 2736 3531 nicht.
2761 3509 2823 3517 —

1713 3545 2104 3617 transiturum]
2146 3547 2249 3600 wir
2285 3545 2392 3599 mit
2426 3546 2679 3615 gleicher
2713 3549 2825 3602 Me-

1710 3618 1934 3688 tapher:
2000 3617 2146 3671 ‘dass
2201 3617 2296 3671 ich
2350 3616 2524 3672 leicht
2579 3617 2824 3689 hinweg-

1710 3688 1976 3743 kommen
1994 3687 2179 3742 werde
2196 3688 2379 3742 fiber’.
2402 3720 2465 3728 —
2491 3690 2824 3761 Tusculano]

1712 3760 1806 3814 bei
1839 3759 2143 3814 Tusculum
2179 3759 2293 3814 und
2333 3759 2509 3813 Cuma
2544 3761 2700 3815 hatte
2737 3778 2822 3816 so·

1713 3830 1862 3885 wohl
1900 3830 2076 3885 Varro
2112 3830 2217 3885 wie
2256 3830 2450 3885 Cicero
2488 3831 2820 3901 Landgfiter.

1712 3934 1778 3941 —
1826 3903 1903 3956 ad
1947 3902 2017 3972 te]
2068 3918 2142 3956 sc.
2188 3917 2288 3956 nos
2330 3903 2498 3956 simul
2540 3919 2660 3957 esse.
2728 3904 2823 3959 Aa

1713 3975 1945 4043 aliquem
1960 3990 2084 4041 esse,
2100 3973 2188 4027 bei
2197 3972 2521 4042 jemandem
2537 3973 2598 4027 in
2618 3973 2820 4028 seinem

1711 4044 1897 4098 Hause
1928 4043 2063 4099 sein.
2118 4045 2231 4098 Att.
2252 4044 2318 4099 X.
2340 4048 2390 4099 4.
2413 4050 2470 4099 8:
2507 4046 2620 4112 fuit
2646 4045 2717 4099 ad
2742 4062 2824 4100 me

1711 4132 1842 4171 sane
1878 4117 1996 4171 diu.

1783 4255 1960 4312 Emer.
1999 4257 2142 4311 XIII.
2191 4260 2332 4326 (708.
2373 4259 2480 4327 46.)
2529 4256 2642 4311 Der
2675 4256 2827 4313 Brief

1712 4327 1791 4382 ist
1817 4345 1884 4381 zu
1914 4329 2054 4382 Rom
2078 4328 2241 4383 Mitte
2262 4328 2421 4398 April
2447 4327 2815 4398 geschrieben.

1712 4398 1890 4453 Varro
1920 4399 2080 4455 hatte
2111 4400 2217 4454 den
2235 4399 2455 4454 Freund
2482 4398 2817 4469 eingeladen,
