3000 4917
465 171 589 236 138
1266 169 1404 226 LIB.
1442 170 1537 227 III.
1590 169 1814 226 EPIST.
1856 177 2010 226 1-3.

461 335 751 399 celeriter
807 334 888 400 ad
943 333 1170 399 urbem
1218 336 1590 417 venturum,
1645 337 1719 396 ut
1771 341 1837 398 te
1889 333 1984 398 ibi
2038 335 2318 420 videam,
2372 339 2449 400 ut
2490 339 2600 401 tuo
2641 357 2769 400 con·

462 424 638 506 silio,
694 424 934 507 gratia,
990 422 1334 508 dignitate,
1391 443 1511 506 ope
1570 422 1858 487 omnium
1912 444 2128 488 rerum
2183 425 2281 489 uti
2333 425 2593 509 possim.
2683 423 2771 488 Ad

460 513 868 596 propositum
913 516 1223 576 revertar:
1280 510 1688 576 festinationi
1733 532 1911 576 meae
1959 513 2389 597 brevitatique
2435 512 2775 578 litterarum

469 602 795 686 ignosces3
839 600 1083 685 reliqua
1128 621 1204 664 ex
1249 599 1490 665 Furnio
1539 621 1907 683 cognosces,

1389 794 1742 860 EPIsTuLA
1786 793 1871 860 II.

1315 915 1425 987 (Ad
1462 917 1581 970 Aa.
1618 915 1710 970 Ix.
1754 922 1835 970 ιι.
1855 915 1943 986 A.)

1041 1038 1297 1095 CICERO
1335 1039 1481 1095 IMP.
1522 1038 1576 1096 S.
1614 1041 1680 1096 D.
1720 1038 2031 1094 CAESARI
2067 1040 2214 1094 IMP.

403 1171 436 1232 1
638 1167 733 1233 Ut
788 1166 920 1251 legi
972 1170 1120 1230 tuas
1175 1166 1456 1246 litteras,
1523 1188 1681 1250 quas
1739 1189 1778 1231 a
1830 1166 2068 1232 Furnio
2125 1171 2351 1233 nostro
2409 1188 2780 1252 acceperam,

462 1258 695 1343 quibus
742 1276 993 1320 mecum
1040 1256 1305 1340 agebas,
1362 1260 1436 1319 ut
1491 1256 1572 1320 ad
1627 1255 1852 1320 urbem
1900 1277 2136 1339 essem,
2189 1261 2255 1321 te
2301 1257 2468 1321 velle
2512 1258 2610 1321 uti
2654 1277 2784 1320 con-

461 1347 603 1410 silio
653 1348 719 1409 et
763 1344 1080 1429 dignitate
1128 1365 1299 1428 mea,
1346 1345 1560 1408 minus
1609 1367 1752 1409 sum
1799 1344 2181 1432 admiratus3
2228 1345 2306 1410 de
2354 1345 2573 1429 gratia
2617 1352 2680 1409 et
2719 1345 2783 1409 de
2921 1356 2923 1415 l

460 1456 581 1518 ope
628 1434 779 1517 quid
836 1432 1260 1517 significares,
1315 1454 1567 1498 mecum
1612 1434 1751 1518 ipse
1799 1435 2210 1518 quaerebam,
2266 1456 2379 1519 spe
2436 1438 2657 1498 tamen
2700 1433 2786 1497 de-

459 1522 740 1588 ducebar
803 1521 883 1587 ad
949 1542 1092 1585 eam
1146 1522 1639 1606 cogitationem,
1705 1526 1778 1586 ut
1840 1526 1905 1586 te
1961 1544 2078 1606 pro
2134 1527 2249 1587 tua
2305 1523 2674 1588 admirabili
2724 1543 2785 1586 ac

461 1611 775 1696 singulari
823 1610 1145 1695 sapientia
1191 1610 1267 1674 de
1315 1611 1476 1688 otio,
1525 1610 1603 1674 de
1648 1632 1834 1694 pace,
1890 1611 1967 1676 de
2015 1612 2362 1677 concordia
2407 1612 2649 1677 civium
2692 1611 2785 1695 agi

394 1699 437 1763 2
463 1702 622 1765 velle
671 1701 1034 1782 arbitrarer,
1081 1702 1146 1763 et
1191 1699 1269 1765 ad
1320 1721 1464 1763 eam
1510 1700 1830 1764 rationem
1877 1700 2328 1765 existimabam
2378 1700 2544 1765 satis
2584 1703 2784 1784 aptam

460 1811 600 1854 esse
657 1797 723 1853 et
776 1793 1074 1853 naturam
1135 1791 1199 1853 et
1253 1809 1597 1871 personam
1653 1789 1880 1854 meam.
1973 1787 2158 1865 Quod
2214 1790 2270 1854 si
2324 1790 2421 1853 ita
2481 1793 2584 1854 est
2641 1788 2789 1852 etsi

461 1901 589 1963 qua
635 1879 712 1942 de
757 1877 1067 1961 Pompeio
1114 1881 1338 1941 nostro
1385 1876 1627 1941 tuendo
1676 1880 1741 1941 et
1784 1877 1908 1942 tibi
1957 1899 2030 1942 ac
2077 1878 2170 1942 rei
2224 1877 2526 1961 publicae
2581 1899 2787 1943 recon-

457 1967 735 2032 ciliando
784 1987 937 2030 cura
982 1969 1048 2030 te
1095 1965 1394 2052 attingit,
1441 1966 1653 2051 magis
1697 1965 2026 2048 idoneum,
2084 1988 2278 2051 quam
2325 1988 2447 2051 ego
2497 1988 2668 2050 sum,
2719 1964 2788 2030 ad

459 2078 600 2119 eam
649 2076 910 2120 causam
957 2054 1244 2137 profecto
1292 2055 1571 2138 reperies
1617 2055 1966 2136 neminem3
2019 2056 2132 2140 qui
2180 2059 2246 2119 et
2291 2056 2389 2120 illi
2437 2077 2692 2140 semper
2732 2057 2788 2118 et

458 2143 735 2227 senatui,
801 2164 946 2207 cum
999 2143 1279 2226 primum
1343 2144 1553 2226 potui,
1616 2144 1796 2227 pacis
1861 2148 2086 2207 auctor
2150 2143 2273 2228 fui,
2336 2165 2458 2209 nec
2526 2143 2785 2226 sumptis

458 2233 656 2297 armis
694 2231 849 2297 belli
886 2231 1085 2295 ullam
1122 2235 1376 2315 partem
1413 2233 1624 2317 attigi,
1668 2232 2073 2316 iudicavique
2114 2255 2188 2297 eo
2228 2233 2400 2298 bello
2438 2240 2508 2297 te
2555 2231 2787 2314 violari,

458 2327 685 2387 contra
756 2320 936 2385 cuius
1007 2320 1320 2385 honorem
1393 2320 1619 2405 populi
1682 2319 1961 2385 Romani
2034 2321 2346 2386 beneficio
2422 2342 2788 2387 concessum

456 2411 701 2476 inimici
749 2413 943 2495 atque
990 2408 1192 2474 invidi
1237 2409 1612 2473 niterentur.
1687 2407 1809 2475 Sed
1857 2416 1932 2473 ut
1978 2432 2052 2474 eo
2101 2415 2398 2494 tempore
2440 2433 2579 2477 non
2617 2409 2789 2474 modo

456 2500 598 2584 ipse
643 2499 866 2564 fautor
911 2498 1248 2585 dignitatis
1295 2502 1447 2563 tuae
1492 2498 1607 2581 fui,
1653 2520 1873 2563 verum
1923 2499 2120 2564 etiam
2169 2501 2399 2564 ceteris
2446 2506 2676 2566 auctor
2720 2497 2789 2562 ad

456 2593 522 2653 te
588 2587 1050 2671 adiuvandum,
1126 2588 1217 2652 sic
1281 2609 1383 2651 me
1451 2608 1623 2651 nunc
1681 2587 1973 2670 Pompeii
2037 2587 2325 2673 dignitas
2390 2587 2793 2653 vehementer

456 2680 697 2756 movet3
763 2678 1011 2761 aliquot
1073 2677 1245 2741 enim
1311 2679 1465 2740 sunt
1530 2677 1712 2759 anni,
1778 2697 1924 2740 cum
1980 2699 2094 2741 vos
2149 2676 2275 2741 duo
2337 2677 2580 2762 delegi,
2644 2695 2790 2761 quos

455 2767 797 2851 praecipue
853 2767 1129 2830 colerem
1186 2768 1253 2829 et
1307 2764 1542 2850 quibus
1598 2785 1833 2856 essem,
1898 2765 2066 2829 sicut
2120 2787 2291 2848 sum,
2351 2766 2791 2830 amicissimus.

458 2921 723 2975 Anmerk.
773 2951 841 2960 -
887 2921 963 2976 ad
1006 2920 1215 2994 urbem]
1263 2919 1354 2975 die
1392 2937 1452 2976 er
1489 2921 1575 2975 als
1680 2920 1833 2975 kann
1886 2921 2047 2975 nicht
2101 2920 2368 2976 einsehen
2451 2921 2516 2975 in
2570 2921 2787 2977 wiefern

457 2991 795 3045 Heerfiihrer
822 2990 982 3046 nicht
1016 2991 1271 3047 bet-reten
1309 2991 1433 3045 dur
1446 2991 1572 3060 fte
1682 2990 1775 3045 ich
1804 2991 1890 3045 dir
1916 2993 2022 3046 mit
2056 2992 2298 3046 meinem
2337 2964 2646 3061 „filinflusffl
2683 2990 2789 3045 und

459 3061 699 3117 Cicero
717 3062 875 3116 mcht
891 3062 1149 3117 betreten
1168 3062 1425 3117 wollte.
1457 3061 1575 3120 S.1.
1682 3061 1923 3118 meinem
1971 3064 2270 3118 Beistande
2321 3035 2527 3119 dienen
2571 3064 2791 3129 munte,

458 3138 546 3191 29.
585 3132 755 3187 Vorb.
799 3165 863 3173 —
902 3139 965 3188 ut
1001 3140 1095 3189 tuo
1131 3133 1385 3205 consilio]
1424 3123 1576 3188 Uber

458 3204 550 3258 die
605 3205 935 3274 Bedeutung
998 3203 1181 3259 dieser
1242 3204 1574 3259 Ausdriicke

457 3275 824 3330 verbandelte
869 3274 1061 3330 Cicero
1109 3274 1423 3330 schriftlich
1469 3275 1577 3331 mit

455 3346 695 3414 Atticus,
733 3346 862 3400 dem
899 3364 959 3400 er
996 3344 1121 3400 eine
1150 3346 1439 3401 Abschrift
1473 3348 1573 3401 des

456 3417 670 3472 Briefes
706 3419 960 3488 zugehen
1002 3415 1129 3470 liess
1168 3417 1306 3487 (Att.
1346 3416 1440 3474 IX.
1479 3420 1573 3486 6.)‚

456 3489 565 3544 mit
619 3490 860 3543 anderen
915 3486 1222 3545 mundlich.
1298 3488 1388 3557 Vg
1390 3490 1425 3545 l.
1479 3487 1573 3544 die

456 3579 523 3614 zu
560 3560 655 3613 III.
696 3565 782 3613 40.
814 3565 846 3614 3
886 3557 1220 3629 angeftihrte
1260 3560 1433 3615 Stelle
1471 3576 1572 3614 aus

454 3631 571 3685 Att
613 3630 706 3685 IX.
752 3635 831 3685 11.
870 3636 921 3685 2.
962 3660 1029 3670 —
1067 3629 1162 3685 Ad
1203 3631 1570 3702 propositum]

456 3722 525 3757 zu
564 3701 663 3756 der
690 3700 1195 3783 Entschuldigung‚
1233 3701 1356 3757 dass
1386 3718 1446 3756 er
1474 3701 1573 3758 der

454 3772 579 3828 Eile
635 3790 833 3844 wegen
886 3772 1046 3827 nicht
1093 3773 1217 3827 Zeit
1269 3793 1335 3828 zu
1391 3773 1573 3828 einem

453 3844 722 3916 langeren
760 3842 1065 3899 Schreiben
1101 3845 1263 3901 habe.

524 3967 1122 4039 Er1sm.11.(705.49.)
1158 3967 1272 4023 Der
1305 3967 1464 4023 Brief
1494 3967 1576 4022 ist

454 4041 823 4110 geschrieben
870 4056 960 4093 am
1003 4046 1084 4095 19.
1123 4040 1259 4094 oder
1296 4046 1382 4095 20.
1419 4039 1574 4094 Mara

455 4111 556 4164 auf
588 4110 715 4164 dem
743 4110 1040 4182 Landgute
1077 4110 1168 4165 bei
1197 4109 1421 4165 Formi'a
1455 4110 1572 4164 und

455 4181 676 4235 enthalt
720 4180 811 4235 die
856 4183 1119 4236 Antwort
1164 4180 1266 4236 auf
1313 4183 1412 4235 das
1450 4199 1573 4236 vor-

455 4250 811 4318 hergehende
851 4249 1168 4307 Schreiben.

531 4344 577 4391 1.
627 4340 693 4394 de
726 4340 914 4409 qratia
960 4370 1026 4381 —
1074 4340 1423 4412 quaerebam]
1477 4338 1573 4393 ich

1682 3150 1742 3189 es
1771 3134 1853 3188 sei
1880 3134 2044 3202 denn,
2081 3133 2205 3189 dass
2234 3135 2310 3188 du
2337 3137 2484 3189 etwa
2513 3136 2639 3190 eine
2668 3135 2792 3187 Ver·

1682 3204 1941 3274 sohnung
1978 3177 2086 3259 m’it
2120 3204 2423 3275 Pompejus
2457 3203 2789 3260 wunschest.

1679 3274 1897 3330 Anders
1951 3276 2150 3331 urteilt
2199 3275 2310 3332 Cic.
2357 3276 2474 3330 Att.
2523 3277 2620 3332 IX.
2660 3282 2707 3332 9.
2744 3279 2791 3340 3,

1681 3362 1768 3401 wo
1815 3363 1874 3401 er
1925 3348 2124 3416 meint‚
2172 3347 2361 3401 hinter
2410 3348 2519 3402 den
2567 3348 2793 3401 Worten

1679 3434 1777 3488 ope
1829 3419 2073 3474 omnium
2115 3435 2297 3473 rerum
2345 3417 2493 3487 liege
2547 3418 2641 3472 die
2683 3416 2792 3470 Ab·

1682 3487 1827 3543 sicht
1872 3489 2177 3557 versteckt‚
2229 3489 2422 3544 seinen
2458 3488 2694 3543 Einfluss
2728 3502 2792 3541 zu

1678 3558 1856 3685 {iuer¹⁵
1879 3559 2336 3630 nngesetzlichen
2380 3559 2685 3630 Handlung
2728 3574 2791 3611 zu

1720 3647 1829 3758 epu
1856 3648 2232 3772 {ngompeio
2277 3701 2501 3786 tuendo]
2559 3701 2651 3756 die
2694 3699 2788 3753 Er-

1679 3772 1921 3842 haltung
1975 3773 2073 3828 des
2124 3774 2426 3845 Pompejus
2480 3792 2542 3827 in
2605 3770 2791 3827 seinen

1682 3843 1931 3898 Wfirden
1983 3845 2096 3898 und
2146 3846 2357 3900 seinem
2402 3844 2680 3899 Ansehen.
2725 3870 2789 3881 —

1680 3931 1918 4040 guiffcipgn
1946 3914 2558 4058 {gagagflkgekieffibfflgn
2563 3915 2657 3969 ich
2693 3928 2788 4037 alid?

1679 4057 2334 4198 ggessrlautiiiiismm]
2359 4052 2789 4182 αἳῗὲἔθιῗέῂΐιῗ

1680 4200 1780 4252 das
1815 4197 2094 4254 Konsulat
2137 4199 2434 4255 bewerben
2473 4217 2538 4252 zu
2575 4196 2785 4252 dui-fen.

1679 4269 1956 4324 Hier-uber
2009 4271 2125 4324 und
2181 4272 2319 4325 uber
2368 4272 2466 4325 das
2510 4267 2787 4338 Folgende

1681 4359 1725 4396 s.
1761 4360 1807 4396 z.
1843 4339 1939 4396 111.
1968 4347 2055 4398 25.
2086 4347 2135 4398 δ.
