3000 4917
1088 202 1152 267 o.
1191 201 1498 258 TULLIUS
1538 200 1816 258 CICERO.
2534 202 2621 267 51

256 365 508 430 virtute
548 386 622 429 ac
669 364 1117 430 moderatione
1164 365 1365 429 animi
1409 364 1627 449 posita
1671 384 1811 428 esse
1858 363 2172 429 videatur.
2244 363 2499 447 Nullas,
2546 369 2622 430 ut

255 454 523 537 opinor,
568 453 843 519 insidias
890 454 1202 536 hostium,
1247 452 1496 518 nullam
1543 452 1771 535 proelii
1817 451 2331 536 dimicationem,
2373 454 2620 518 nullam

259 541 699 607 defectionem
758 542 1110 620 sociorum,
1163 541 1411 607 nullam
1466 541 1758 624 inopiam
1815 540 2122 624 stipendii
2176 545 2293 606 aut
2345 543 2442 607 rei
2486 541 2619 607 fru-

255 630 654 716 mentariae,
718 631 963 695 nullam
1021 629 1407 695 seditionem
1464 629 1779 693 exercitus
1838 630 2385 712 pertimescimus3
2451 652 2619 714 quae

254 739 580 803 persaepe
646 718 1142 802 sapientissimis
1205 719 1364 784 viris
1439 718 1835 801 acciderunt,
1911 721 2011 800 ut,
2078 717 2616 801 quemadmodum

257 807 738 892 gubernatores
777 807 1010 891 optimi
1044 807 1179 871 vim
1216 806 1653 890 tempestatis,
1699 806 1792 871 616
1826 805 1926 870 1111
1964 805 2268 871 fortunae
2304 807 2618 891 impetum

261 917 574 978 superare
621 916 754 960 non
790 899 1078 979 possent.
1150 895 1299 959 Tibi
1337 895 1495 959 data
1532 899 1634 959 est
1670 916 1925 959 summa
1961 916 2106 979 pax,
2154 916 2409 959 summa
2445 898 2618 959 tran-

259 983 585 1067 quillitas,
639 983 736 1047 ita
781 989 1030 1067 tamen,
1086 987 1160 1048 ut
1207 1006 1283 1048 ea
1329 983 1755 1049 dormientem
1804 982 2305 1067 gubernatorem
2350 982 2457 1046 vel
2503 983 2617 1047 ob-

258 1093 479 1154 111616,
542 1071 928 1173 vigilantem
991 1072 1190 1136 etiam
1257 1071 1576 1137 delectare
1633 1071 1864 1154 possit.
1965 1067 2239 1136 Constat
2303 1071 2474 1135 enim
2541 1092 2617 1135 ea
2637 1090 2679 1154 6

259 1158 600 1243 provincia
637 1160 922 1243 primum
962 1181 1039 1224 ex
1079 1181 1154 1225 eo
1193 1180 1424 1245 genere
1463 1160 1805 1244 sociorum,
1841 1159 2011 1243 quod
2049 1162 2147 1223 est
2175 1181 2252 1223 ex
2280 1159 2617 1224 hominum

261 1248 447 1314 omni
495 1269 729 1333 genere
776 1248 1345 1332 humanissimum,
1391 1248 1621 1313 deinde
1666 1270 1746 1312 ex
1790 1269 1866 1312 eo
1913 1268 2150 1333 genere
2195 1247 2463 1331 civium,
2509 1248 2619 1331 qui

261 1338 400 1418 aut,
447 1336 620 1420 quod
664 1336 997 1421 publicani
1045 1340 1222 1413 sunt,
1281 1358 1401 1401 nos
1450 1358 1703 1400 summa
1744 1336 2217 1401 necessitudine
2267 1337 2620 1421 attingunt,

261 1428 400 1508 6111,
448 1425 616 1508 quod
664 1426 762 1489 ita
804 1425 1245 1510 negotiantur,
1290 1429 1364 1489 ut
1405 1425 1762 1508 locupletes
1801 1426 1949 1509 sint,
1996 1426 2203 1489 nostri
2241 1425 2618 1490 consulatus

258 1513 580 1578 beneficio
630 1534 699 1577 se
744 1513 1100 1578 incolumes
1148 1513 1445 1578 fortunas
1491 1512 1732 1577 habere
1779 1512 2198 1577 arbitrantur.

438 1600 522 1665 H.
586 1638 674 1647 —-
714 1600 845 1666 >At
890 1601 1062 1666 enim
1109 1602 1281 1666 inter
1324 1601 1447 1666 hos
1494 1602 1673 1686 ipsos
1720 1601 2042 1665 exsistunt
2089 1621 2321 1686 graves
2370 1605 2623 1666 contro·
2648 1602 2686 1666 7

257 1692 540 1772 versiae,
597 1691 840 1754 multae
886 1694 1242 1755 nascuntur
1289 1690 1592 1772 iniuriae,
1645 1710 1922 1774 magnae
1973 1690 2421 1754 contentiones
2468 1710 2619 1754 con-

258 1781 675 1862 sequuntur.‹<
735 1814 811 1824 —
872 1776 1073 1854 Quasi
1126 1799 1280 1843 1610
1328 1798 1449 1863 630
1495 1778 1563 1842 111
1604 1781 1858 1863 putem,
1911 1799 2047 1842 non
2090 1780 2158 1842 te
2204 1777 2614 1861 aliquantum

255 1867 510 1952 negotii
584 1865 922 1931 sustinere.
1032 1866 1351 1951 Intellego
1423 1886 1854 1950 permagnum
1928 1887 2068 1930 esse
2140 1866 2473 1951 negotium
2547 1870 2613 1931 et

255 1955 526 2019 maximi
581 1954 861 2036 consilii,
916 1955 1028 2018 sed
1082 1958 1408 2020 memento
1465 1955 1717 2019 consilii
1772 1976 1874 2018 me
1920 1955 2043 2020 1106
2087 1955 2424 2039 negotium
2470 1975 2611 2019 esse

258 2043 478 2128 magis
525 2043 860 2126 aliquanto
909 2064 1102 2127 quam
1148 2043 1451 2108 fortunae
1487 2047 1736 2128 putare.
1810 2041 1977 2119 Quid
2015 2047 2116 2108 est
2151 2044 2323 2108 enim
2360 2043 2611 2128 negotii

256 2131 593 2197 continere
650 2152 789 2212 eos,
837 2131 1067 2214 quibus
1113 2133 1387 2215 praesis,
1441 2133 1498 2195 si
1542 2136 1608 2197 te
1653 2132 1793 2215 ipse
1841 2132 2222 2196 contineas?
2278 2131 2345 2196 id
2393 2136 2610 2197 autem

257 2220 345 2284 sit
391 2240 706 2305 magnum
753 2223 820 2283 et
865 2219 1127 2284 difficile
1176 2222 1430 2299 ceteris,
1478 2221 1649 2285 sicut
1695 2224 1795 2285 est
1839 2220 2327 2285 difficillimum:
2371 2220 2496 2285 tibi
2545 2225 2610 2286 et

255 2308 387 2372 fuit
431 2307 558 2373 hoc
605 2329 860 2392 semper
904 2307 1283 2372 facillimum
1332 2313 1398 2373 et
1442 2330 1597 2374 1610
1646 2330 1785 2374 6666
1834 2307 2083 2392 debuit3
2139 2309 2319 2373 cuius
2372 2313 2610 2374 natura

254 2396 411 2461 talis
452 2400 570 2481 est,
606 2400 681 2460 ut
719 2397 917 2462 etiam
946 2397 1085 2460 sine
1113 2396 1409 2463 doctrina
1436 2396 1734 2461 videatur
1760 2396 2094 2461 moderata
2123 2417 2262 2461 esse
2288 2397 2596 2480 potuisse3

256 2507 333 2549 ea
372 2488 588 2549 autem
628 2485 923 2550 adhibita
959 2484 1253 2549 doctrina
1290 2489 1410 2569 est,
1447 2506 1613 2568 quae
1648 2485 1751 2549 161
1786 2484 2286 2549 vitiosissimam·
2304 2488 2609 2548 naturam

253 2657 753 2785 1111612ξο1ὲῇ66111511
794 2689 861 2698 -
899 2663 963 2712 ut
999 2658 1220 2728 opinor]
1259 2674 1303 2711 s.
1332 2676 1375 2711 z.

329 2822 377 2870 6.
423 2817 714 2888 sociorum]
754 2814 1056 2870 asiatische
1082 2813 1375 2872 Griechen.

256 2918 324 2928 ——
353 2903 568 2942 summa
593 2886 1008 2967 necessitudine]
1037 2885 1141 2942 Die
1163 2886 1375 2942 staats-

255 2960 493 3027 pachter
539 2958 813 3027 gehorten
855 2956 962 3012 wie
999 2958 1144 3013 auch
1181 2957 1375 3013 Cicero

257 3029 386 3084 dem
432 3027 819 3084 Ritterstande
866 3044 962 3098 an,
1008 3029 1138 3082 dem
1184 3027 1376 3083 Cicero

257 3098 378 3158 sich
413 3099 613 3154 immer
649 3098 879 3169 geneigt
923 3100 1038 3153 und
1076 3103 1377 3169 entgegen·

256 3169 561 3225 kommend
616 3170 897 3225 erwiesen.
979 3169 1043 3223 In
1098 3170 1227 3225 dem
1283 3171 1374 3225 be-

255 3241 571 3295 dentenden
605 3241 880 3296 Einflusse
918 3239 1101 3296 dieses
1139 3241 1377 3296 Standes

259 3312 456 3366 suchte
502 3326 561 3365 er
608 3311 814 3366 Schutz
859 3327 1044 3381 gegen
1079 3310 1376 3366 Nachstel-

255 3381 467 3464 langen
512 3382 611 3436 der
648 3381 1001 3439 Catilinarier
1043 3382 1159 3435 und
1193 3399 1376 3452 363611

257 3453 408 3508 seins
446 3453 561 3506 und
599 3452 696 3507 des
736 3452 969 3508 Senates
1006 3450 1230 3506 Feinde.

327 3558 398 3614 11.
453 3556 639 3613 Cicero
676 3559 922 3613 ermahnt
947 3558 1131 3613 seinen
1157 3557 1380 3613 Bruder

258 3646 355 3685 zm·
393 3629 933 3698 Uneiyennvztziykeit
967 3630 1087 3683 und
1113 3629 1376 3683 Enthalt-

258 3700 484 3755 samheit
515 3701 830 3769 (integritas
854 3700 974 3754 und
1000 3700 1376 3767 continentia).

332 3796 379 3844 7.
419 3789 500 3843 At
527 3788 712 3843 enim.
745 3788 784 3859 .]
814 3787 990 3842 durch
1018 3788 1162 3841 enim
1189 3788 1377 3854 (unser

255 3860 340 3929 ja)
368 3858 511 3914 wird
541 3860 638 3914 der
664 3857 920 3914 Einwurf
941 3857 1024 3911 als
1061 3857 1377 3925 berechtigt

259 3929 597 3985 bezeichnet.
651 3928 757 3984 Die
786 3929 1044 3998 Stellung
1072 3928 1171 3982 der
1189 3927 1378 3982 Verba

260 4003 527 4057 exsistunt
553 4001 671 4054 und
687 4016 842 4056 conse
876 4005 1089 4055 mmtur
1106 3999 1265 4068 giebt
1284 3997 1378 4053 ein

260 4072 428 4141 Beisp
431 4071 505 4126 iel
540 4072 632 4125 fiir
668 4072 776 4126 den
814 4018 1133 4136 cffiiasmns,
1180 4069 1379 4123 dessen

262 4142 480 4198 61116616
510 4141 737 4197 Glieder
772 4142 892 4196 hier
928 4141 1020 4195 die
1047 4140 1235 4195 Verba
1268 4137 1375 4193 bil·

262 4215 381 4270 den.
455 4212 569 4268 Der
605 4212 898 4268 Chiasmus
942 4212 1021 4267 ist
1063 4209 1187 4265 hier
1232 4212 1374 4265 noch

263 4284 437 4341 durch
475 4285 566 4339 ein
604 4283 802 4339 drittes
841 4280 1004 4338 Glied
1048 4280 1376 4348 vermittelt,

262 4356 317 4411 in
363 4353 635 4411 welchem
683 4356 782 4410 das
824 4355 1065 4409 Verbum
1112 4369 1206 4406 um
1253 4351 1377 4407 eine

1488 2655 1664 2712 Stelle
1698 2656 1895 2711 weiter
1930 2654 2172 2726 gerfickt
2205 2656 2298 2724 ist,
2339 2657 2607 2712 1161116611

1486 2727 1588 2782 das
1641 2725 1912 2797 Adjektiv
1967 2726 2120 2782 scine
2178 2726 2351 2782 Stelle
2405 2726 2606 2782 behalt

1486 2800 1559 2867 (a.
1583 2799 1649 2852 b.
1690 2815 1738 2855 6.
1794 2829 1859 2837 -
1917 2798 1969 2853 b.
2017 2815 2068 2852 a.
2115 2814 2162 2852 c.
2215 2828 2283 2837 —
2337 2799 2390 2854 b.
2429 2815 2473 2853 6.
2512 2800 2603 2868 a.).

1485 2868 1619 2939 Vgl.
1657 2868 1775 2924 Liv.
1812 2868 1854 2924 I.
1892 2874 1979 2925 28.
2019 2875 2067 2924 6.
2126 2868 2357 2923 Mettius
2391 2870 2485 2925 ille
2528 2873 2606 2925 eet

1483 2941 1678 2996 ductor
1720 2941 1937 2995 itineris
1981 2941 2174 3008 huius,
2219 2940 2451 2997 Mettius
2494 2941 2604 3008 foe-

1482 3012 1628 3067 deris
1663 3012 1909 3067 Romani
1943 3012 2256 3081 Albanique
2291 3017 2503 3081 ruptor.
2535 3043 2602 3051 —

1489 3082 1663 3150 Quasi
1696 3081 1847 3154 vero]
1884 3081 2048 3137 leitet
2073 3082 2166 3137 die
2195 3083 2564 3154 Widerlegun

1484 3153 1584 3208 des
1621 3153 1896 3209 Einwurfs
1934 3153 2041 3207 ein.
2116 3152 2312 3209 Indem
2354 3155 2563 3209 11616116

1484 3224 1693 3279 diesem
1714 3224 1876 3278 Satze
1897 3223 2019 3277 eine
2035 3222 2396 3294 Vorst'ellung
2413 3227 2601 3279 unter-

1482 3293 1803 3363 geschoben
1842 3293 2007 3362 wir-d,
2055 3294 2222 3349 deren
2260 3295 2601 3349 Unhaltbar-

1482 3364 1604 3420 keit
1631 3365 1991 3432 einleuchtet,
2030 3365 2235 3433 11166311
2266 3364 2356 3418 die
2384 3364 2601 3418 Wider-

1485 3434 1695 3505 legung
1731 3453 1828 3489 zur
1862 3406 2071 3501 Iroriie‚
2111 3435 2282 3488 deren
2317 3433 2600 3488 Eindruck

1486 3504 1664 3560 durch
1680 3522 1804 3561 vero
1828 3476 2119 3576 (wirklic'h)
2144 3504 2427 3560 verstarkt
2446 3504 2600 3558 wird.

1487 3576 1652 3644 Seyff.
1674 3576 1727 3630 S.
1750 3577 1811 3631 L.
1831 3582 1862 3641 ξ
1883 3578 2254 3645 66.-616916
2288 3574 2599 3656 aliquanto]

1487 3646 1781 3726 bedentend
1815 3648 1980 3702 mehr.
2054 3647 2419 3728 Aliquantum
2459 3644 2601 3714 liegt

1486 3714 1669 3771 seiner
1694 3717 2030 3801 Bedeutung
2055 3716 2243 3772 nach
2226 3735 2285 3771 16
2312 3716 2412 3770 der
2437 3715 2601 3769 Mitte

1485 3786 1765 3842 zwischen
1782 3790 1957 3857 weniq
1983 3789 2099 3842 und
2125 3788 2231 3842 viel
2257 3787 2371 3839 und
2399 3786 2603 3839 nahert

1486 3855 1660 3911 sich
1635 3876 1696 3927 Je
1734 3859 1878 3912 nach
1916 3859 2042 3913 dem
2080 3856 2601 3926 Zusammenhange

1442 3941 1449 3948 “
1483 3929 1618 3983 bald
1635 3877 1793 3983 Jdem
1829 3929 1990 3984 einen
2037 3928 2174 3984 bald
2208 3929 2334 3981 dem
2373 3927 2598 3982 andern.

1485 4029 1552 4039 -
1618 4002 1669 4053 te
1729 3999 1866 4069 ipse]
1933 3998 2030 4054 der
2091 3997 2403 4066 Gegensatz
2465 3997 2602 4054 laist

1482 4072 1665 4139 ipsum
1711 4071 2011 4137 erwarten‚
2058 4068 2232 4124 allein
2269 4066 2460 4124 Cicero
2505 4068 2600 4125 be·

1483 4139 1634 4195 zieht
1669 4140 1769 4194 das
1799 4142 2055 4195 Pronom.
2094 4141 2293 4195 immet
2329 4156 2466 4210 geru
2504 4138 2607 4195 auf

1483 4212 1584 4266 das
1621 4210 1755 4279 Subj
1761 4211 1872 4265 ekt.
1923 4243 1986 4250 —
2034 4213 2152 4266 eine
2186 4211 2408 4282 doctr]
2438 4211 2600 4266 Auch

1484 4282 1632 4336 ohne
1659 4280 1904 4351 Bildung
1938 4283 2144 4337 warest
2177 4282 2254 4336 du
2280 4299 2393 4338 von
2420 4282 2602 4337 Natur

1481 4353 1763 4407 imstande
1791 4368 2065 4422 gewesen,
2103 4353 2246 4408 Mass
2283 4372 2350 4408 zu
2386 4353 2597 4409 halten.

2098 4445 2176 4496 4*
