3000 4917
443 210 531 274 62
1299 207 1436 265 LIB.
1474 208 1517 262 Ι.
1575 205 1795 260 EPIST.
1839 212 1922 261 18.

446 376 587 436 tum
644 370 917 454 denique
963 370 1104 433 fore
1150 368 1376 433 beatas
1424 391 1527 433 res
1572 369 1865 454 publicas
1911 370 2190 454 putavit,
2246 369 2303 433 si
2351 372 2464 433 aut
2509 368 2683 434 docti
2734 373 2802 433 et

446 459 776 542 sapientes
822 458 1118 522 homines
1168 479 1275 521 eas
1322 477 1546 541 regere
1594 458 1988 540 coepissent,
2046 461 2158 522 aut
2203 458 2276 541 ii,
2323 458 2433 542 qui
2477 462 2800 541 regerent,

446 569 636 612 omne
675 569 863 612 suum
902 545 1188 610 studium
1224 545 1293 608 in
1331 545 1631 610 doctrina
1669 550 1733 609 et
1769 546 2090 629 sapientia
2127 546 2579 611 collocassent:
2626 544 2798 610 hanc

445 635 967 701 coniunctionem
1024 633 1320 698 videlicet
1374 634 1722 718 potestatis
1780 638 1846 698 et
1899 635 2259 719 sapientiae
2306 634 2499 698 saluti
2546 634 2809 698 censuit.

405 723 817 789 civitatibus
875 744 1014 787 esse
1068 743 1289 806 posse3
1344 722 1517 807 quod
1571 721 1853 787 fortasse
1913 721 2255 806 aliquando
2311 723 2650 786 universae
2700 723 2801 786 rei

443 813 741 896 publicae
778 815 1059 894 nostrae,
1101 832 1273 874 nunc
1313 810 1574 894 quidem
1611 810 1902 893 profecto
1939 812 2052 875 isti
2090 811 2459 894 provinciae
2499 810 2797 895 contigit,

442 905 517 964 ut
560 901 617 964 is
663 902 733 964 in
777 922 853 963 ea
901 921 1221 964 summam
1266 903 1663 982 potestatem
1709 900 2006 981 haberet,
2057 899 2159 963 cui
2205 900 2272 961 in
2320 898 2645 982 doctrina,
2693 899 2801 963 cui

443 989 512 1052 in
570 989 810 1053 virtute
869 992 1063 1071 atque
1119 986 1529 1052 humanitate
1574 986 1988 1071 percipienda
2032 988 2379 1070 plurimum
2427 1009 2466 1050 a
2510 986 2796 1071 pueritia

338 1095 425 1161 30
445 1077 640 1141 studii
693 1076 927 1141 fuisset
971 1081 1037 1141 et
1080 1077 1413 1159 temporis,
1506 1075 1716 1151 Quare
1762 1096 1941 1159 cura,
1996 1080 2071 1139 ut
2117 1076 2220 1139 hic
2267 1098 2499 1157 annus,
2554 1076 2664 1158 qui
2712 1076 2798 1140 ad

447 1166 737 1229 laborem
784 1170 967 1229 tuum
1006 1165 1293 1243 accessit,
1339 1163 1512 1228 idem
1552 1164 1634 1228 ad
1670 1164 1951 1229 salutem
1987 1163 2188 1228 Asiae
2224 1167 2612 1248 prorogatus
2653 1185 2800 1229 esse

445 1253 756 1319 videatur.
859 1251 1177 1327 Quoniam
1231 1252 1302 1316 in
1357 1256 1422 1316 te
1477 1252 1816 1317 retinendo
1872 1252 1999 1317 fuit
2052 1251 2211 1316 Asia
2264 1252 2542 1334 felicior,
2597 1274 2799 1336 quam

444 1364 565 1407 nos
629 1342 698 1404 in
759 1340 1153 1425 deducendo,
1215 1342 1481 1425 perfice,
1544 1344 1621 1405 ut
1673 1341 1924 1405 laetitia
1978 1341 2347 1424 provinciae
2404 1339 2798 1405 desiderium

443 1433 741 1495 nostrum
770 1429 1076 1513 leniatur3
1115 1430 1370 1513 etenim,
1407 1429 1464 1494 si
1491 1429 1559 1493 in
1584 1430 2032 1513 promerendo,
2057 1433 2134 1492 ut
2160 1430 2281 1493 tibi
2310 1430 2481 1494 tanti
2510 1429 2795 1495 honores

443 1518 853 1602 haberentur,
900 1518 1127 1602 quanti
1162 1517 1335 1582 haud
1373 1518 1509 1582 scio
1549 1540 1632 1581 an
1669 1518 1932 1596 nemini,
1972 1517 2162 1583 fuisti
2199 1518 2485 1583 omnium
2525 1517 2799 1602 diligen-

441 1607 759 1688 tissimuS,
822 1607 1028 1671 multo
1093 1606 1405 1670 maiorem
1470 1606 1540 1669 in
1597 1606 1702 1670 his
1756 1606 2118 1671 honoribus
2170 1606 2428 1670 tuendis
2486 1605 2799 1671 adhibere

337 1715 420 1780 31
444 1694 848 1779 diligentiam
914 1695 1125 1760 debes.
1231 1694 1556 1778 Equidem
1621 1695 1698 1759 de
1762 1695 1893 1759 isto
1958 1715 2190 1779 genere
2251 1696 2574 1759 honorum
2640 1694 2798 1779 quid

444 1784 778 1865 sentirem,
835 1784 1065 1866 scripsi
1121 1783 1203 1847 ad
1256 1787 1347 1851 te,
1378 1787 1555 1847 ante:
1613 1805 1870 1866 semper
1924 1805 2034 1848 eos
2080 1784 2331 1867 putavi,
2388 1784 2443 1847 si
2488 1782 2797 1867 vulgares

444 1875 680 1954 essent,
726 1871 913 1954 viles3
961 1874 1018 1936 si
1064 1872 1379 1955 temporis
1427 1894 1624 1937 causa
1668 1873 2232 1956 constituerentur,
2276 1872 2481 1954 leves3
2528 1871 2585 1934 si
2621 1893 2799 1955 vero,

443 1960 509 2024 id
557 1960 727 2044 quod
772 1960 866 2023 ita
911 1960 1155 2024 factum
1202 1964 1322 2042 est,
1365 1961 1615 2024 meritis
1661 1960 1791 2024 tuis
1829 1961 2286 2043 tribuerentur,
2333 1959 2795 2025 existimabam

442 2048 720 2112 multam
773 2048 896 2111 tibi
951 2049 1018 2111 in
1073 2049 1155 2113 iis
1200 2048 1556 2113 honoribus
1603 2049 1860 2114 tuendis
1907 2070 2172 2132 operam
2221 2069 2358 2113 esse
2403 2047 2795 2132 ponendam.

446 2134 657 2210 Quare
712 2136 1018 2220 quoniam
1061 2137 1132 2200 in
1175 2137 1320 2201 istis
1367 2137 1636 2202 urbibus
1684 2159 1829 2201 cum
1877 2159 2128 2201 summo
2175 2136 2449 2220 imperio
2499 2141 2565 2201 et
2610 2140 2801 2221 pote-

446 2227 618 2288 state
654 2224 951 2306 versaris,
996 2225 1065 2288 in
1102 2226 1334 2309 quibus
1373 2229 1521 2290 tuas
1558 2227 1830 2291 virtutes
1868 2228 2276 2289 consecratas
2317 2228 2383 2289 et
2417 2225 2486 2289 in
2526 2224 2798 2289 deorum

443 2334 711 2377 numero
760 2312 1110 2378 collocatas
1155 2313 1362 2396 vides,
1406 2315 1474 2377 in
1524 2314 1826 2378 omnibus
1864 2313 2075 2396 rebus,
2121 2335 2281 2397 quas
2321 2316 2586 2395 statues,
2633 2334 2798 2396 quas

445 2400 772 2482 decerneS,
828 2424 987 2486 quas
1035 2422 1216 2486 ages„
1262 2401 1417 2486 quid
1461 2401 1666 2467 tantis
1714 2402 2048 2466 hominum
2095 2401 2542 2485 opinionibus,
2588 2402 2800 2467 tantis

446 2489 522 2553 de
576 2494 641 2555 te
698 2489 980 2574 iudiciis,
1044 2491 1248 2555 tantis
1302 2491 1664 2556 honoribus
1719 2490 1982 2571 debeaS,
2042 2490 2387 2573 cogitabis3
2450 2488 2520 2553 id
2576 2492 2801 2554 autem

445 2579 568 2642 erit
622 2578 966 2658 eiusmodi,
1022 2583 1095 2643 ut
1149 2579 1445 2644 consulas
1504 2579 1830 2662 omnibus,
1887 2581 1960 2643 ut
2013 2577 2307 2642 medeare
2363 2578 2800 2643 incommodis

443 2666 805 2750 hominum,
859 2668 1201 2752 provideas
1259 2667 1482 2751 saluti,
1539 2670 1613 2731 ut
1667 2671 1733 2734 te
1788 2670 2127 2750 parentem
2171 2665 2370 2731 Asiae
2444 2670 2510 2730 et
2548 2665 2674 2730 dici
2732 2670 2803 2730 et

443 2754 670 2821 haberi
716 2756 896 2820 velis.

340 2863 425 2927 32
622 2843 732 2906 XI.
779 2843 994 2927 Atque
1041 2843 1192 2908 huic
1237 2847 1388 2908 tuae
1435 2843 1758 2909 voluntati
1806 2864 1880 2907 ac
1927 2842 2303 2928 diligentiae
2340 2843 2802 2907 difficultatem

446 2951 754 3015 magnam
803 2930 1102 2995 adferunt
1145 2932 1502 3016 publicani:
1559 2931 1792 3016 quibus
1840 2931 1895 2995 si
1942 2929 2454 3015 adversabimur,
2501 2931 2801 2996 ordinem

447 3174 535 3210 σιν
584 3152 645 3210 ἐν
692 3162 816 3219 ταῖς
861 3154 1087 3211 πόλεσιν
1133 3152 1169 3226 ἢ
1220 3151 1276 3211 οἷ
1320 3159 1568 3229 βασιλεῖς

448 3246 506 3281 τε
546 3228 652 3281 νῦν
690 3226 986 3297 λεγόμενοι
1021 3227 1118 3281 καὶ
1156 3224 1434 3282 δυνάσται
1471 3248 1566 3296 φι-

446 3297 800 3368 λοσοφήσωσι
846 3299 1086 3367 γνησίως
1123 3318 1181 3353 τε
1220 3298 1320 3352 καὶ
1359 3295 1566 3361 ἱκανῶς

447 3369 545 3423 καὶ
581 3370 749 3424 τοῦτο
790 3368 870 3432 εἰς
909 3366 1116 3423 ταύτὸν
1155 3369 1425 3439 ξυμπὲσῃ,
1469 3366 1564 3423 δ’ὑ-

446 3443 613 3510 ναμίς
639 3460 698 3495 τε
728 3438 983 3508 πολιτικὴ
1006 3440 1104 3494 καὶ
1123 3442 1430 3509 φιλοσοφία
1450 3444 1562 3496 κτλ.

447 3542 515 3552 ——
554 3512 881 3582 aliquando]
920 3518 1122 3565 wann?
1161 3542 1228 3551 -—
1265 3516 1328 3565 ut
1363 3513 1412 3565 is
1440 3511 1562 3582 eta]

445 3584 545 3638 der
583 3581 712 3635 Satz
760 3581 916 3636 dient
964 3598 1062 3635 zur
1097 3580 1415 3650 Erklarung
1451 3598 1564 3636 von

442 3654 586 3722 quod
623 3684 691 3692 —-
730 3654 972 3721 contiyit.

517 3728 601 3778 30.
631 3725 695 3777 in
721 3722 1055 3792 deducendo]
1088 3721 1140 3777 d.
1168 3722 1205 3778 i.
1235 3722 1293 3776 in
1322 3723 1426 3777 den
1459 3724 1563 3777 Be-

446 3795 800 3864 strebungen‚
839 3793 1004 3848 deine
1035 3792 1328 3863 Ablosung
1365 3794 1566 3848 durch-

448 3866 729 3931 zusetzen3
750 3866 1007 3931 deducere
1017 3865 1423 3932 entsprechend
1437 3865 1566 3919 dem

447 3953 557 3990 von
606 3935 733 3989 dem
770 3936 1042 4005 Abgange
1090 3934 1190 3989 der
1227 3934 1567 3990 Statthalter

447 4004 771 4077 gebrauchl.
810 4007 1068 4061 decedere.
1109 4037 1177 4046 —
1214 4008 1360 4061 tanti
1400 4008 1566 4061 hono-

446 4076 555 4146 res]
595 4077 852 4145 Tempel‚
889 4076 1113 4146 Altam,
1150 4077 1318 4133 Feste
1356 4096 1409 4133 u.
1450 4077 1565 4147 dgl.

447 4148 576 4217 Vgl.
616 4147 760 4202 oben
795 4167 840 4201 z.
878 4154 909 4213 ὅ
947 4155 1031 4205 26.

518 4223 604 4273 31.
644 4220 920 4288 temporis]
967 4220 1072 4274 mit
1111 4218 1425 4273 Rficksicht
1470 4218 1571 4273 auf

448 4289 554 4343 den
583 4288 953 4359 Augenblick,
993 4289 1084 4343 die
1119 4289 1564 4356 Zeitumstande3

445 4359 557 4430 vgl.
600 4366 629 4426 ξ
672 4366 754 4414 15.
791 4392 862 4401 —
901 4361 1010 4431 ita]
1048 4361 1229 4414 neben
1267 4359 1396 4420 dem
1432 4361 1566 4414 Pro-

1672 3174 1902 3227 nomen,
1967 3157 2074 3212 wic·
2139 3157 2209 3212 de
2273 3157 2398 3211 Div.
2463 3156 2533 3213 Π.
2589 3162 2638 3211 8.
2698 3164 2799 3213 21:

1671 3231 1816 3298 quod
1861 3233 1997 3284 certe
2040 3230 2191 3284 vobis
2234 3230 2319 3283 ita
2364 3229 2652 3283 dicendum
2701 3235 2798 3284 est.

1671 3317 1772 3368 pro
1811 3299 1956 3355 Tull.
1996 3305 2054 3354 9:
2092 3301 2190 3355 hoc
2224 3301 2308 3355 ita
2343 3300 2691 3355 existimavit.
2723 3330 2797 3339 —

1673 3370 2035 3442 consecratas]
2097 3369 2229 3425 Man
2276 3370 2455 3424 denke
2503 3369 2671 3424 dabei
2720 3385 2799 3423 an

1673 3441 1906 3510 Tempel
1961 3444 2107 3496 etwa
2157 3440 2264 3495 mit
2310 3441 2409 3495 der
2451 3438 2799 3495 Aufschrift:

1673 3512 1881 3566 Pietati
1928 3511 1985 3577 Q.
2040 3511 2324 3566 Ciceronis
2370 3510 2531 3565 oder:
2579 3511 2802 3565 Virtuti

1673 3582 1736 3648 Q.
1785 3582 2081 3637 Ciceronis
2155 3583 2239 3635 Im
2294 3580 2430 3651 folg.
2479 3582 2800 3650 entspricht

1672 3653 1770 3707 der
1816 3653 1954 3708 Zahl
2010 3653 2108 3708 der
2153 3652 2341 3707 Verba
2380 3657 2587 3707 statues
2634 3651 2800 3720 (fest-

1672 3725 1886 3793 setzen)
1904 3726 2014 3780 dec.
2028 3722 2441 3792 <beschliefsen)
2462 3739 2587 3792 ages
2607 3723 2802 3793 (than)

1674 3795 1764 3848 die
1786 3794 1925 3849 Zahl
1945 3795 2042 3849 der
2064 3794 2510 3863 Substantopin.
2528 3794 2645 3849 iud.
2664 3794 2799 3849 hon.

1744 3935 1838 3989 XI.
1876 3955 1928 3990 u.
1967 3935 2088 3993 XII.
2134 3936 2259 3991 Das
2305 3935 2594 3991 Verhalte‘n
2627 3951 2802 4007 qeyen

1673 4007 1762 4062 die
1798 4007 2223 4075 Staatspdehter.

1744 4153 1829 4204 32.
1867 4148 2048 4217 ‚Atque
2091 4146 2244 4202 beim
2285 4132 2620 4217 Ubergange
2665 4165 2800 4202 zum

1673 4219 1870 4273 Neuen
1916 4220 2071 4273 steht
2115 4217 2307 4288 haufig
2354 4218 2499 4271 auch
2546 4218 2647 4285 da,
2704 4234 2797 4273 wo

1674 4289 1777 4345 wir
1848 4289 1971 4344 eine
2038 4288 2619 4357 Adversativpartikel
2690 4303 2795 4342 an-

1675 4360 1921 4415 wenden.
1969 4391 2037 4400 —
2076 4358 2392 4430 publicam]
2450 4376 2493 4413 s.
2541 4364 2573 4425 ἓ
2621 4365 2669 4413 6.
2720 4388 2798 4399 -
