3000 4917
423 220 556 286 136

1266 221 1400 276 LIB.
1439 221 1536 277 III.
1598 221 1821 278 EPIST.
1863 227 1911 276 1.

430 385 603 449 enim
666 384 899 449 fecisse
959 388 1026 448 te
1091 388 1157 448 et
1218 386 1496 450 sensisse
1554 389 1620 450 et
1674 385 2012 470 scripsisse
2066 385 2279 468 vide0,
2340 407 2574 469 resque
2627 387 2781 470 ipsa

437 472 722 539 declarat
765 473 890 537 tibi
933 472 1119 538 illum
1163 473 1476 539 honorem
1527 477 1822 539 nostrum
1877 474 2373 559 supplicationis
2425 474 2777 539 iucundum

429 562 659 646 fuisse,
725 562 894 644 quod
950 561 1287 627 scribendo
1345 562 1639 649 adfuisti3
1702 563 1862 627 haec
1929 564 2101 626 enim
2156 567 2420 627 senatus
2477 565 2779 628 consulta

430 672 566 715 non
610 653 843 736 ignoro
892 651 975 714 ab
1022 649 1432 715 amicissimis
1472 652 1630 733 eius,
1676 652 1855 716 cuius
1894 651 1972 715 de
2009 651 2253 716 honore
2292 652 2528 736 agitur,
2575 654 2775 717 scribi

431 740 655 804 solere.
746 739 911 824 Eg0‚
954 743 1029 803 ut
1073 761 1279 823 spero,
1323 744 1390 803 te
1435 740 1812 825 propediem
1855 740 2116 825 videb0‚
2166 746 2361 825 atque
2405 741 2656 805 utinam
2699 764 2780 805 re

427 828 690 913 publica
734 828 1031 912 meliore,
1077 850 1270 913 quam
1318 829 1547 892 timeo!

1301 1207 1613 1277 Drittes
1667 1206 1901 1277 Buch.

514 1500 797 1570 Cicero
844 1502 969 1568 im
1013 1499 1400 1568 Verkehr
1445 1503 1613 1605 rnit
1654 1502 2102 1569 Freunden
2146 1502 2329 1569 und
2352 1493 2359 1501 ’
2379 1502 2696 1570 Sbaats-

1380 1607 1829 1657 mannern.

1272 1766 1510 1833 Zweite
1555 1766 1930 1850 Abteilung.

1190 1926 1258 1993 O.
1305 1925 1603 1993 IULIUS
1652 1924 2022 1993 CAESAR.

608 2076 915 2135 Nachdem
981 2073 1166 2135 Casar
1226 2075 1311 2134 im
1373 2074 1610 2151 Be‘ginn
1680 2074 1784 2135 des
1849 2075 2323 2152 Burgerkrioges
2390 2077 2486 2135 die
2552 2075 2781 2135 Grenze

431 2164 630 2224 seiner
673 2164 924 2224 Provinz
968 2165 1413 2223 fiberschritten
1458 2165 1655 2238 hatte,
1710 2165 2029 2224 versuchte
2075 2183 2141 2223 er
2185 2164 2522 2239 mehrfach,
2571 2163 2781 2224 Cicero

432 2254 533 2312 fiir
597 2253 759 2313 scine
827 2252 1016 2313 Sache
1077 2272 1152 2311 zu
1212 2252 1546 2331 gewinnen.
1644 2254 1762 2311 Am
1829 2255 1931 2313 24.
1989 2253 2223 2312 Januar
2285 2255 2394 2313 bat
2456 2254 2783 2312 Trebatius

434 2334 509 2422 (s.
557 2341 691 2402 Lib.
737 2341 817 2401 ΙΙ.
865 2333 1353 2423 TREBATIUS)
1407 2343 1491 2400 im
1547 2341 1844 2418 Auftrage
1899 2342 2003 2401 des
2059 2342 2426 2418 Imperatore
2485 2340 2599 2401 den
2655 2343 2777 2401 ein-

432 2431 813 2491 flufsreichen
849 2430 1167 2507 Konsular,
1202 2429 1266 2490 in
1304 2429 1401 2489 die
1437 2430 1607 2489 Natho
1644 2448 1759 2492 von
1797 2430 1950 2489 Rom
1987 2450 2059 2488 zu
2095 2431 2389 2506 kommen‚
2431 2432 2552 2490 und
2593 2429 2787 2490 Casar

432 2522 625 2580 selbst
678 2520 822 2580 fand
878 2521 988 2580 auf
1036 2520 1172 2580 dem
1215 2518 1490 2578 Marsche
1543 2519 1694 2578 nach
1741 2515 2130 2578 Brundisium
2177 2519 2333 2596 Zeit,
2389 2518 2485 2579 ein
2539 2519 2780 2578 freund-

430 2609 617 2669 liches
674 2609 997 2669 Schreiben
1051 2600 1328 2690 (EPIST.
1374 2605 1449 2681 Ι.)
1504 2626 1583 2666 an
1635 2609 1739 2666 ihn
1795 2627 1865 2666 zu
1919 2608 2178 2684 richtcn,
2242 2608 2430 2667 worin
2495 2627 2561 2667 er
2617 2609 2779 2667 scine

438 2698 743 2776 bisherige
788 2698 1304 2774 zuruckgezogene
1340 2696 1617 2773 Haltung
1652 2687 1856 2777 lobt*)
1895 2697 2016 2755 und
2051 2698 2157 2755 ihn
2192 2697 2391 2774 bit-tet,
2434 2697 2591 2756 nach
2627 2697 2783 2756 Rom

575 2864 628 2933 *)
682 2864 950 2920 Dasselbc
1005 2865 1253 2934 geschah
1307 2881 1420 2920 von
1465 2865 1575 2920 den
1618 2864 1960 2933 Anhangern
2007 2864 2222 2922 Casars.
2295 2866 2414 2920 Ast.
2461 2864 2581 2919 VH.
2621 2871 2708 2920 21.
2744 2872 2785 2920 3

436 2935 749 3007 (Februar):
804 2935 1124 3003 Dolabella,
1175 2935 1394 2992 Caelius
1440 2936 1732 3007 (scribunt)
1783 2953 1864 2991 me
1906 2937 1999 2991 illi
2041 2938 2200 2992 valde
2244 2938 2573 3004 satisfacere.
2659 2936 2779 2992 Att.

433 3007 557 3061 VII.
596 3012 682 3060 23.
721 3014 779 3062 3:
818 3009 912 3062 cui
946 3024 1046 3063 nos
1079 3008 1238 3063 valde
1272 3008 1589 3076 satisfacere
1623 3008 1784 3063 multi
1820 3009 1896 3063 ad
1929 3025 2010 3062 me
2045 3009 2396 3077 scripserunt.

435 3185 564 3238 dem
601 3201 717 3240 vor.
755 3183 846 3239 Br.
885 3189 915 3250 5
952 3189 984 3237 3
1022 3183 1266 3240 bedient.
1305 3215 1374 3225 —
1411 3185 1552 3238 scri—

435 3256 605 3311 bendo
634 3255 892 3326 adfuisti]
926 3255 1033 3309 mit
1049 3256 1148 3310 der
1167 3254 1552 3309 schriftlichen

434 3327 750 3398 Abfassung
828 3327 926 3381 des
1002 3326 1553 3381 Senatsbeschlusses

434 3398 664 3453 worden
744 3399 829 3452 als
909 3396 1551 3453 Redaktionsausschufs

435 3469 620 3596 ses
642 3468 952 3597 {aaz
976 3466 1549 3595 essessa

435 3612 682 3668 bendum.
764 3610 916 3666 Fam.
965 3611 1084 3667 XII.
1132 3615 1218 3667 29.
1257 3615 1314 3664 22
1364 3627 1552 3679 quam·

434 3699 599 3752 quam
627 3687 746 3737 erat
771 3684 930 3737 nobis
947 3683 1154 3738 dictum
1172 3687 1223 3737 tc
1240 3683 1554 3737 existimare

435 3754 611 3808 alicui
634 3760 858 3809 senatus
884 3755 1127 3809 consulto
1155 3796 1169 3810 .
1190 3795 1203 3808 .
1226 3795 1240 3808 .
1268 3754 1554 3808 scribendo

434 3825 694 3880 Lamiam
730 3826 1003 3893 adfuisse,
1037 3826 1135 3895 qui
1169 3826 1390 3879 omnino
1426 3840 1552 3879 con·

433 3897 649 3952 salibus
682 3898 798 3951 illis
832 3914 1117 3967 nunquam
1161 3897 1273 3964 fuit
1310 3896 1385 3950 ad
1418 3896 1554 3950 scri-

436 3969 668 4023 bendum
677 3988 698 4034 ;
726 3968 838 4038 vgl.
865 3966 961 4022 111.
995 3973 1078 4022 10.
1108 3969 1200 4036 4.)‚
1232 3968 1322 4021 die
1351 3966 1442 4019 fiir
1460 3965 1552 4020 die

438 4039 618 4093 Sache
664 4039 799 4094 oder
842 4038 933 4092 fiir
960 4038 1050 4093 die
1086 4038 1293 4093 Person
1331 4038 1422 4092 ein
1456 4038 1553 4091 be·

438 4109 701 4164 sonderes
729 4109 1005 4165 Interesse
1033 4110 1244 4164 hatten.
1298 4107 1423 4162 Ihre
1440 4107 1555 4162 Na-

437 4196 568 4233 men
612 4180 841 4234 worden
888 4181 1016 4234 dem
1052 4179 1383 4236 Beschlusse
1429 4194 1555 4232 vor-

438 4251 656 4319 gesetzt
693 4253 1120 4319 (praescriptio).
1205 4250 1295 4304 An
1332 4248 1554 4303 Atticus

440 4319 688 4374 schreibt
737 4320 850 4375 Cic.
895 4320 1016 4378 VII.
1058 4328 1104 4376 1.
1145 4328 1201 4376 ’ἵε
1251 4321 1339 4375 Tu
1374 4325 1556 4374 autem

438 4391 509 4446 de
542 4396 725 4446 nostro
762 4395 913 4446 statu
936 4393 1201 4462 coyitabis
1228 4431 1241 4445 .
1273 4433 1286 4447 .
1318 4432 1330 4447 .
1360 4392 1555 4447 deinde

1651 3612 1843 3681 phos.
1884 3652 1898 3666 .

1657 3186 1724 3240 de
1758 3186 1879 3255 ipso
1915 3184 2219 3254 triumpho,
2254 3201 2409 3254 quem
2443 3186 2628 3252 video,
2663 3185 2779 3240 nisi

1658 3257 1740 3310 rei
1766 3257 1922 3325 publ.
1960 3262 2202 3325 tempora
2246 3256 2559 3325 impedient,
2598 3250 2772 3310 εὐπό-

1658 3343 1861 3396 ριστον.
1912 3328 2116 3382 Iudico
2143 3332 2323 3381 autem
2349 3343 2473 3382 cum
2499 3344 2566 3381 ex
2585 3328 2789 3383 litteris

1659 3399 1959 3454 amicorum
1974 3403 2090 3452 tum
2106 3398 2599 3466 esi-supplicatione,
2615 3415 2791 3468 quam-

1658 3471 1755 3539 qui
1792 3486 1906 3525 mm
1943 3470 2174 3525 decrevit
2211 3469 2413 3538 (Cato),
2442 3470 2577 3538 plus
2603 3472 2781 3524 decre·

1657 3542 1756 3608 vit,
1795 3557 1959 3610 quam
1994 3542 2046 3595 si
2081 3555 2259 3595 omnes
2296 3542 2552 3596 decresset
2586 3543 2777 3595 trium-

1938 3655 1950 3667 .
1992 3612 2127 3666 Cato
2171 3616 2222 3665 et
2264 3612 2548 3666 scribendo
2594 3613 2787 3677 adfuit

1661 3688 1711 3738 et
1748 3684 1823 3737 ad
1857 3699 1939 3737 me
1975 3683 2041 3737 dc
2067 3683 2335 3737 sententia
2362 3699 2466 3737 sua
2493 3683 2778 3737 iucundis·

1657 3754 1826 3808 simas
1875 3754 2087 3808 litteras
2128 3754 2293 3809 misit.
2379 3753 2532 3809 Ganz
2579 3752 2793 3808 andere

1658 3824 1855 3879 urteilb
1900 3823 2015 3879 Cic.
2061 3822 2195 3878 bald
2240 3824 2491 3879 nachher
2538 3824 2610 3878 ad
2662 3825 2780 3880 Att.

1658 3894 1781 3981 Vll.
1810 3901 1859 3950 2.
1879 3901 1949 3979 ,τε
1980 3911 2110 3979 aveo
2135 3897 2290 3961 scire,
2312 3895 2446 3979 Cato
2467 3896 2787 3980 quid-aqam

1659 3968 2104 4093 2:222st
2118 3972 2492 4106 sest-3255?
2512 3968 2797 4120 {aasz}

1661 4110 1993 4175 clementiae,
2043 4109 2176 4176 fidei
2217 4109 2356 4163 mihi
2399 4110 2784 4175 testimonium,

1661 4181 1806 4249 quod
1840 4196 1954 4235 non
1983 4180 2304 4249 quaerebam
2313 4200 2336 4249 ,·
2371 4180 2514 4249 quod
2536 4181 2795 4249 postula-

1662 4252 1814 4319 bam,
1851 4252 2088 4322 negavit.
