3000 4917
1022 239 1079 294 C.
1117 239 1397 296 MATIUS
1436 242 1798 297 CALVENA.
2451 244 2578 307 211

236 401 578 487 suffragi03
625 402 773 486 alia,
820 425 982 487 quae
1030 403 1371 469 defendam
1418 427 1457 468 a
1500 407 1566 468 te
1612 405 1718 488 pie
1762 405 1903 469 fieri
1949 409 2015 470 et
2054 406 2352 490 humane,
2396 410 2470 470 ut
2505 406 2582 471 de

236 492 573 556 curatione
620 492 936 557 ludorum.
1029 490 1155 556 Sed
1199 496 1284 576 te,
1329 493 1661 558 hominem
1707 493 2168 578 doctissimum,
2213 516 2345 559 non
2389 495 2579 580 fugit,
2602 503 2642 567 8

234 580 295 644 si
362 578 601 646 Caesar
662 602 775 644 rex
837 579 1036 645 fuerit
1100 617 1187 629 —-
1254 581 1425 666 quod
1490 582 1653 645 mihi
1717 582 1976 666 quidem
2038 584 2291 648 videtur
2347 620 2450 667 —,
2513 585 2582 647 in

229 671 577 753 utramque
633 673 888 754 partem
945 669 1022 733 de
1076 673 1190 734 tuo
1244 670 1458 736 officio
1507 670 1824 755 disputari
1869 694 2093 756 posse:
2152 673 2255 737 vel
2299 672 2371 735 in
2417 694 2582 756 eam,

233 779 369 842 qua
433 777 551 842 ego
619 759 794 823 soleo
858 759 986 843 uti,
1060 759 1447 823 laudandam
1513 781 1651 824 esse
1716 759 1905 824 fidem
1971 764 2037 825 et
2102 761 2581 825 humanitatem

231 850 447 928 tuam,
505 847 617 930 qui
672 847 951 912 amicum
1008 848 1204 911 etiam
1253 851 1580 912 mortuum
1627 848 1890 934 diligas,
1944 849 2048 914 vel
2100 849 2170 913 in
2227 871 2398 932 eam,
2453 872 2581 934 qua

228 936 534 1001 nonnulli
598 938 895 1019 utuntur,
958 936 1329 1001 libertatem
1391 937 1642 1021 patriae
1705 939 1880 1002 vitae
1940 938 2131 1003 amici
2186 942 2579 1021 anteponen-

235 1024 408 1088 dam.
497 1023 600 1088 Ex
645 1024 749 1088 his
797 1025 1204 1090 sermonibus
1250 1026 1502 1090 utinam
1549 1028 1768 1090 essent
1817 1026 2070 1092 delatae
2126 1027 2206 1092 ad
2250 1032 2317 1091 te
2365 1027 2578 1110 dispu-

227 1113 521 1178 tationes
568 1114 773 1177 meae!
1704 1162 1710 1166 -

411 1201 543 1266 Illa
598 1222 750 1267 vero
808 1201 962 1284 duo,
1022 1224 1184 1285 quae
1230 1203 1513 1267 maxima
1569 1206 1724 1267 sunt
1775 1201 2037 1268 laudum
2093 1207 2377 1287 tuarum,
2433 1204 2578 1287 quis

231 1295 352 1355 aut
402 1290 715 1355 libentius
772 1312 969 1372 quam
1026 1311 1146 1375 ego
1204 1296 1668 1356 commemorat
1713 1295 1828 1356 aut
1873 1293 2177 1376 saepius?
2229 1297 2294 1356 te
2341 1296 2406 1356 et
2449 1314 2581 1356 non

231 1379 629 1463 suscipiendi
674 1380 828 1442 belli
875 1380 1081 1444 civilis
1126 1381 1583 1464 gravissimum
1629 1385 1957 1445 auctorem
2002 1381 2204 1446 fuisse
2251 1383 2316 1444 et
2362 1381 2578 1446 mode-

227 1468 470 1533 randae
526 1468 862 1551 victoriae3
926 1469 1024 1531 in·
1056 1490 1182 1552 quo
1191 1518 1210 1552 ,
1271 1469 1384 1552 qui
1438 1469 1600 1533 mihi
1655 1490 1789 1534 non
1844 1471 2297 1552 assentiretur,
2358 1470 2578 1534 inveni

227 1557 577 1625 neminem.
683 1556 898 1632 Quare
953 1556 1162 1621 habeo
1226 1558 1506 1640 gratiam
1563 1558 1900 1640 Trebatio,
1961 1559 2270 1623 familiari
2330 1564 2579 1641 nostr0,

231 1646 345 1729 qui
372 1645 535 1709 mihi
572 1645 752 1710 dedit
788 1667 1049 1710 causam
1087 1646 1320 1709 harum
1359 1647 1745 1728 litterarum,
1783 1648 2016 1730 quibus
2050 1649 2179 1711 nisi
2217 1647 2577 1726 credideris,

230 1756 339 1798 me
395 1735 608 1798 omnis
667 1734 861 1799 officii
917 1737 983 1798 et
1037 1734 1462 1799 humanitatis
1521 1738 1847 1818 expertem
1897 1736 2231 1819 iudicaris3
2287 1757 2413 1819 quo
2458 1757 2577 1800 nec

230 1822 396 1887 mihi
442 1824 705 1908 gravius
753 1824 1095 1907 quicquam
1140 1827 1363 1906 potest
1406 1845 1548 1888 esse
1592 1845 1711 1888 nec
1757 1829 1824 1888 te
1871 1825 2166 1890 alienius.

1118 2071 1468 2136 EPISTULA
1514 2071 1685 2136 XLI.

1132 2191 1243 2263 (Aa
1268 2192 1401 2248 fam.
1430 2192 1525 2247 XI.
1556 2196 1665 2263 28.)

974 2314 1253 2371 MATIUS
1291 2313 1636 2371 CICERONI
1675 2315 1824 2371 SAL.

409 2440 722 2526 Magnam
749 2443 1149 2527 voluptatem
1181 2465 1258 2507 ex
1286 2444 1417 2508 tuis
1446 2444 1681 2507 litteris
1711 2444 1871 2527 cepi,
1908 2440 2097 2528 quod,
2135 2466 2327 2528 quam
2357 2467 2570 2529 spera·
2595 2449 2630 2513 1

223 2553 369 2596 ram
417 2535 610 2614 atque
658 2535 983 2615 optaram,
1036 2531 1278 2596 habere
1323 2536 1391 2596 te
1438 2532 1517 2596 de
1562 2554 1666 2597 me
1712 2533 2083 2616 opinionem
2137 2536 2436 2619 cognovi3
2493 2534 2570 2598 de

229 2642 362 2703 qua
406 2622 530 2684 etsi
575 2641 709 2684 non
755 2620 1160 2704 dubitabam,
1206 2625 1453 2705 tamen,
1499 2622 1651 2703 quia
1696 2621 1962 2684 maximi
2006 2621 2454 2706 aestimabam,
2497 2626 2572 2687 ut

227 2708 604 2792 incorrupta
658 2713 951 2773 maneret
1014 2710 1408 2774 laborabam.
1510 2706 1820 2775 Conscius
1886 2714 2105 2774 autem
2168 2711 2328 2774 mihi
2393 2732 2570 2775 eram

229 2796 397 2860 nihil
443 2819 483 2861 a
528 2819 632 2861 me
679 2798 1094 2862 commissum
1142 2820 1307 2883 esse,
1362 2799 1533 2883 quod
1588 2799 1745 2863 boni
1799 2799 2176 2882 cuiusquam
2224 2799 2572 2864 offenderet

231 2886 541 2951 animum:
598 2907 674 2951 eo
732 2887 946 2951 minus
1003 2887 1341 2952 credebam
1396 2887 1694 2971 plurimis
1750 2891 1946 2971 atque
2001 2887 2265 2971 optimis
2320 2889 2568 2954 artibus

231 2979 460 3040 ornato
513 2976 639 3039 tibi
694 2981 935 3040 temere
991 2976 1332 3060 quicquam
1388 2975 1761 3060 persuaderi
1814 2977 2132 3060 potuisse,
2187 2979 2571 3063 praesertim

227 3062 301 3126 in
346 3085 532 3147 quem
578 3086 723 3128 mea
767 3087 1092 3150 propensa
1137 3069 1203 3130 et
1255 3069 1570 3148 perpetua
1623 3064 1855 3128 fuisset
1910 3069 2100 3149 atque
2156 3071 2326 3130 esset
2382 3067 2570 3132 bene-

227 3152 534 3218 volentia.
627 3154 813 3229 Quod
861 3154 1194 3238 quoniam,
1237 3158 1313 3218 ut
1355 3154 1563 3237 volui,
1610 3154 1742 3218 scio
1789 3175 1948 3237 esse,
1998 3156 2399 3238 respondebo
2447 3155 2569 3220 cri-

220 3343 492 3413 willigen.
557 3375 626 3385 -
689 3346 1001 3417 defendam]
1066 3346 1160 3400 ich
1223 3362 1343 3401 ver-

221 3413 439 3482 teidige
512 3415 625 3484 (die
695 3417 1091 3486 Behauptung)
1162 3434 1344 3487 gegen

224 3485 320 3537 die
375 3485 828 3557 Einwendungen
884 3489 1144 3557 anderer,
1210 3488 1346 3543 oder

224 3552 410 3609 soviel
446 3554 528 3611 als
562 3559 887 3624 defendendi
932 3575 1101 3613 causa
1145 3561 1342 3615 dicam.

1451 3353 1556 3411 θεὴ·
1584 3347 1789 3417 probat
1823 3349 1967 3401 enim
2002 3349 2178 3418 legum
2214 3352 2264 3400 et
2300 3346 2571 3402 libertatis

1450 3419 1735 3472 interitum
1815 3435 2105 3487 earumque
2175 3419 2569 3487 oppressionem

1450 3489 1682 3543 taetram
1745 3495 1796 3543 et
1855 3490 2218 3544 detestabilem
2278 3491 2570 3557 yloriosam

1441 3567 1627 3628 putat.
1682 3591 1751 3601 —
1807 3562 1872 3615 de
1926 3567 2021 3614 two
2067 3560 2272 3630 officio]
2322 3558 2414 3612 die
2465 3561 2567 3614 Be-

217 3642 328 3696 pro
375 3626 495 3696 Lig.
533 3633 580 3681 2.
622 3634 680 3682 6:
733 3628 817 3684 M.
869 3628 1053 3685 Cicero
1098 3633 1250 3700 apud
1294 3636 1346 3685 te

219 3697 494 3766 defendit,
565 3701 737 3755 aliam
808 3700 874 3754 in
941 3717 1005 3755 ea
1066 3704 1345 3756 voluntate

215 3785 336 3823 non
376 3771 576 3836 fuisse,
627 3773 692 3824 in
736 3789 846 3838 qua
893 3787 949 3826 se
992 3773 1172 3840 ipsum
1219 3789 1343 3826 con-

214 3841 403 3907 fitetwr
447 3842 650 3910 fuisse3
713 3843 781 3894 d:
836 3842 928 3897 fin.
977 3843 1071 3897 ΙΙΙ.
1119 3849 1203 3897 21.
1253 3848 1337 3897 71.

217 3910 440 3966 Ebenso
504 3929 762 3968 eoecusare
821 3915 1037 3982 aliquid
1083 3915 1122 3969 Ι.
1163 3920 1245 3967 17.
1290 3918 1337 3968 ’1.

217 4012 286 4022 -
324 3984 377 4037 zi
413 3982 616 4038 Caesar
651 4002 749 4038 rex
782 3985 979 4055 faerit]
1018 3983 1204 4039 Schon
1240 3986 1340 4039 der

212 4050 396 4106 Name
434 4055 533 4108 des
562 4054 779 4125 Konigs
812 4073 929 4111 war
956 4056 1066 4110 den
1094 4055 1339 4110 Romern

216 4124 483 4178 verbasst.
543 4126 645 4180 Off.
676 4125 769 4180 ΙΙΙ.
800 4132 885 4182 21.
914 4131 1007 4182 83:
1047 4128 1192 4181 Ecce
1218 4129 1339 4195 tibi,

215 4196 316 4264 qui
350 4213 450 4251 rex
477 4198 681 4266 populi
709 4198 951 4252 Romani
983 4200 1339 4267 dominusque

212 4267 460 4321 omnium
512 4269 752 4337 yentium
796 4285 905 4325 esee
949 4271 1339 4339 concupiverit,

212 4338 379 4406 idque
420 4340 709 4405 perfecerit
718 4360 739 4404 ,·
794 4342 938 4395 hanc
982 4343 1339 4407 cupiditatem

212 4409 267 4463 ei
310 4410 590 4464 honestam
634 4413 759 4479 qais
804 4427 911 4465 esse
946 4413 1105 4481 dicit,
1153 4428 1337 4468 amen-8

1450 3631 1883 3773 Ξιῗῑὲῑῖῗιῗαηῖἰὶ]
1904 3631 2568 3771 ἶὲιῑῗθὲθῶτὲθαῗτθῖἷξέἑ

1451 3770 1596 3825 auch
1659 3770 1869 3827 Cicero.
1926 3804 1995 3814 —
2047 3789 2275 3828 sermon.
2333 3772 2563 3842 disput]

1446 3841 1623 3896 Einen
1644 3842 1768 3896 Teil
1796 3844 1893 3897 der
1915 3860 2176 3899 sermones
2200 3843 2449 3897 bildeten
2470 3841 2563 3896 die

1444 3908 1858 3982 Erdrterungen
1883 3914 2130 3982 Ciceros;
2160 3912 2273 3982 vgl.
2293 3912 2411 3968 Lm.
2434 3918 2479 3967 1.
2504 3919 2563 3967 5:

1445 3986 1516 4038 ab
1552 3985 1639 4038 his
1672 4001 1843 4039 sermo
1879 3987 2077 4050 oritur,
2112 3986 2397 4052 respondet
2423 3984 2564 4039 Lae-

1446 4057 1574 4123 liae,
1603 4057 1761 4110 cuias
1787 4062 1902 4110 tota
1930 4055 2081 4125 (dem
2106 4073 2247 4125 ganz
2266 4056 2561 4123 angehort)

1444 4129 1749 4195 disputatio
1785 4129 1850 4182 de
1878 4129 2140 4182 amicitia.
2173 4157 2237 4166 -
2267 4126 2562 4197 iudicaris]

1444 4185 1596 4252 Uber
1632 4197 1728 4250 das
1766 4198 1886 4251 Fut.
1927 4198 1994 4253 ΙΙ.
2034 4216 2075 4252 e.
2116 4217 2163 4251 z.
2199 4197 2240 4253 I.
2279 4202 2364 4251 24.
2404 4203 2454 4251 2.

1516 4270 1694 4322 Erxs'r.
1734 4268 1874 4322 XLI.
1916 4272 2060 4338 (710.
2099 4270 2208 4337 44.)

1519 4345 1566 4394 1.
1611 4340 1725 4393 scio
1760 4340 1889 4411 esse]
1940 4340 2019 4393 Zu
2066 4356 2174 4395 esse
2217 4338 2344 4415 (mit
2382 4340 2564 4394 einem

1443 4410 1693 4480 Adverb)
1738 4412 1850 4482 vgl.
1909 4432 1954 4466 z.
1998 4412 2040 4465 I.
2086 4417 2174 4464 25.
2222 4418 2280 4478 ὃς
2338 4411 2564 4466 {thulich

2032 4501 2139 4553 14*
