3000 4917
310 776 352 841 3

371 171 459 236 50

1220 170 1355 225 LIB.
1394 172 1435 227 Ι.
1500 170 1724 226 EPIST.
1768 178 1848 227 18.

371 338 549 399 teras
596 354 838 419 egeraS,
884 338 958 399 ut
1000 332 1214 416 priore
1261 354 1434 398 anno
1471 354 1602 397 non
1642 333 2115 419 succederetur3
2164 336 2333 419 quod
2374 358 2516 422 eg0,
2561 336 2724 402 dum

375 422 572 488 saluti
619 423 940 487 sociorum
988 422 1283 500 consulo,
1327 422 1477 485 dum
1526 421 1967 505 impudentiae
2012 425 2471 490 nonnullorum
2517 446 2726 512 nego-

370 511 684 576 tiatorum
730 511 978 592 resisto,
1029 509 1181 574 dum
1227 513 1524 575 nostram
1571 510 1845 595 gloriam
1892 515 2005 576 tua
2048 511 2292 577 virtute
2339 515 2562 599 augeri
2610 536 2723 579 ex-

366 602 550 683 peto,
603 599 730 664 feci
784 621 918 664 non
971 599 1320 682 sapienter3
1376 598 1757 683 praesertim
1814 620 1959 663 cum
2015 599 2079 664 id
2126 601 2584 687 commiserim,
2640 606 2730 667 ut

367 688 480 752 ille
526 689 693 753 alter
737 709 947 752 annus
993 688 1189 751 etiam
1233 687 1499 751 tertium
1546 691 1769 770 posset
1813 686 2144 754 adducere.

550 774 736 852 Quod
781 775 1087 860 quoniam
1133 779 1471 858 peccatum
1517 796 1734 839 meum
1773 797 1914 840 esse
1950 777 2277 859 confiteor,
2324 782 2424 843 est
2460 778 2722 861 sapien-

371 864 502 929 tiae
548 868 742 949 atque
787 864 1215 928 humanitatis
1260 867 1410 928 tuae
1456 885 1683 928 curare
1728 866 1795 927 et
1839 864 2163 950 perficere,
2207 869 2283 930 ut
2328 866 2453 930 hoc
2497 867 2725 931 minus

373 953 698 1037 sapienter
745 975 784 1016 a
830 973 932 1016 me
977 952 1308 1036 provisum
1355 951 1695 1037 diligentia
1747 955 1861 1016 tua
1917 953 2294 1039 corrigatur.
2387 951 2483 1018 Ac
2540 956 2595 1019 si
2648 958 2723 1019 te

371 1042 510 1126 ipse
549 1040 994 1107 vehementius
1035 1040 1116 1104 ad
1155 1060 1376 1104 omnes
1414 1043 1634 1123 partes
1673 1040 1834 1104 bene
1873 1041 2173 1106 audiendi
2215 1042 2535 1121 excitaris,
2579 1064 2724 1108 non

371 1134 447 1195 ut
490 1152 635 1195 cum
682 1129 855 1204 aliis,
910 1128 1022 1192 sed
1067 1131 1141 1193 ut
1185 1132 1401 1193 tecum
1446 1128 1578 1193 iam
1623 1128 1762 1211 ipse
1818 1133 2050 1214 certes3
2106 1130 2161 1193 si
2217 1151 2476 1194 omnem
2531 1135 2722 1196 tuam

372 1222 674 1303 mentem,
723 1238 961 1297 curam,
1007 1217 1470 1301 cogitationem
1519 1216 1599 1281 ad
1644 1216 2015 1281 excellentis
2062 1218 2130 1281 in
2176 1219 2475 1284 omnibus
2521 1220 2726 1284 rebus

372 1306 582 1372 laudis
639 1306 1061 1388 cupiditatem
1116 1304 1435 1369 incitaris:
1489 1305 1653 1368 mihi
1708 1305 1918 1389 crede,
1972 1327 2138 1371 unus
2194 1328 2400 1371 annus
2457 1307 2724 1372 additus

372 1395 584 1460 labori
620 1398 734 1459 tuo
773 1394 1125 1458 multorum
1156 1415 1473 1459 annorum
1501 1394 1825 1457 laetitiam
1853 1394 2065 1476 nobie,
2101 1394 2302 1460 immo
2330 1417 2485 1460 vero
2517 1396 2721 1461 etiam

307 1483 654 1568 4posteris
702 1481 942 1547 nostris
990 1481 1249 1547 adferet.
1343 1481 1753 1566 Quapropter
1796 1482 1920 1547 hoc
1966 1486 2031 1547 te
2076 1483 2357 1565 primum
2402 1503 2584 1569 rogo,
2631 1506 2726 1549 ne

373 1572 721 1637 contrahas
769 1592 842 1635 ac
889 1570 1196 1635 demittas
1243 1570 1532 1634 animum
1578 1591 1739 1634 neve
1784 1573 1849 1634 te
1888 1570 2091 1656 obrui,
2134 1574 2467 1656 tamquam
2495 1572 2722 1656 fluctu,

372 1661 466 1725 sic
511 1658 958 1745 magnitudine
1003 1658 1254 1742 negotii
1300 1659 1502 1741 sinas,
1561 1661 1915 1741 contraque
1960 1664 2015 1722 te
2064 1660 2280 1743 erigas
2329 1681 2404 1724 ac
2447 1661 2722 1726 resistas

372 1749 507 1814 sive
545 1749 741 1812 etiam
777 1749 952 1812 ultro
991 1768 1289 1811 occurras
1326 1747 1630 1832 negotiis.
1702 1745 1930 1830 Neque
1968 1747 2139 1811 enim
2178 1748 2314 1812 eius
2353 1748 2532 1813 modi
2568 1771 2719 1832 par-

369 1842 502 1902 tem
550 1839 643 1901 rei
687 1835 983 1920 publicae
1030 1835 1229 1920 geris,
1275 1836 1345 1899 in
1390 1857 1518 1918 qua
1563 1834 1829 1899 fortuna
1875 1835 2268 1921 dominetur,
2315 1836 2426 1901 sed
2472 1838 2542 1901 in
2587 1859 2721 1921 qua

369 1926 721 2010 plurimum
759 1924 928 1988 ratio
965 1924 1176 2007 possit
1212 1927 1278 1988 et
1315 1922 1669 2008 diligentia.
1731 1922 1917 1998 Quod
1946 1924 2002 1988 si
2028 1923 2150 1988 tibi
2179 1924 2424 1989 bellum
2454 1925 2718 2008 aliquod

372 2034 681 2098 magnum
740 2017 805 2077 et
857 2012 1289 2095 periculosum
1348 2011 1831 2076 administranti
1885 2015 2309 2098 prorogatum
2371 2014 2717 2097 imperium

370 2101 680 2184 viderem,
733 2104 1074 2165 tremerem
1121 2100 1365 2182 animo,
1422 2099 1593 2183 quod
1639 2099 1862 2164 eodem
1908 2104 2199 2185 tempore
2260 2122 2400 2166 esse
2465 2102 2719 2166 intelle-

308 2189 350 2254 5
370 2211 590 2276 gerem
627 2189 825 2254 etiam
862 2187 1161 2254 fortunae
1198 2191 1595 2273 potestatem
1631 2188 1700 2252 in
1731 2209 1851 2253 nos
1879 2193 2322 2274 prorogatam:
2359 2211 2531 2255 nunc
2561 2212 2718 2256 vero

370 2301 447 2344 ea
493 2300 644 2363 pars
690 2278 814 2343 tibi
858 2278 952 2342 rei
998 2276 1297 2361 publicae
1343 2277 1690 2341 commissa
1726 2280 1843 2360 est,
1887 2278 1957 2340 in
1995 2298 2122 2361 qua
2161 2281 2276 2342 aut
2311 2279 2558 2343 nullam
2598 2284 2720 2344 aut

368 2368 788 2452 perexiguam
842 2369 1096 2450 partem
1150 2365 1416 2430 fortuna
1467 2368 1648 2430 tenet
1703 2368 1768 2428 et
1824 2387 1987 2448 quae
2046 2365 2206 2429 mihi
2269 2370 2413 2432 tota
2470 2367 2540 2432 in
2598 2371 2717 2432 tua

372 2596 530 2666 Quod
575 2612 601 2649 e
637 2610 669 2650 ο
706 2624 774 2634 -
813 2592 1024 2663 expeto]
1084 2591 1323 2657 Quintus
1370 2608 1487 2646 war

366 2685 491 2721 zum
530 2665 600 2720 Sc
641 2667 767 2720 utze
813 2665 911 2719 der
946 2661 1334 2718 Provinzialen
1381 2667 1484 2731 (so-

367 2738 596 2804 ciorum)
643 2736 770 2790 dem
810 2731 1052 2788 Treiben
1097 2732 1312 2803 einiger
1349 2732 1483 2787 Wu-

368 2807 590 2875 cherer‚
647 2805 881 2860 ‘welche
944 2806 1109 2858 unter
1163 2804 1292 2858 dem
1343 2802 1480 2858 Vor—

365 2877 564 2931 wande
611 2876 709 2930 des
754 2872 1002 2929 Handels
1046 2874 1162 2927 und
1204 2874 1486 2928 erlaubter

368 2946 801 3015 Geldgeschafte
832 2944 924 2998 fiir
951 2944 1148 3012 eigene
1174 2944 1486 3012 Rechnung

366 3017 484 3073 und
515 3017 664 3071 noch
697 3015 832 3071 weit
866 3016 1026 3069 mehr
1051 3015 1141 3068 fiir
1164 3013 1483 3069 Vomehme

366 3089 426 3144 in
496 3086 665 3154 Rom,
742 3086 912 3141 deren
973 3086 1193 3139 Namen
1259 3083 1483 3155 geheim

364 3157 593 3214 bleiben
652 3157 883 3224 senten,
948 3157 1036 3211 die
1090 3154 1326 3210 Provinz
1389 3155 1484 3210 be·

366 3228 647 3296 raubten’,
712 3226 1005 3284 vielleieht
1059 3245 1125 3281 zu
1180 3228 1311 3281 hart
1364 3226 1484 3280 ent-

365 3318 436 3371 ge
479 3300 806 3371 engetreten
831 3299 948 3353 und
982 3314 1096 3353 von
1133 3298 1323 3352 diesen
1361 3297 1482 3351 des-

364 3373 404 3427 h
465 3373 503 3425 b
565 3372 778 3427 sowohl
844 3368 906 3423 in
959 3369 1057 3424 der
1111 3368 1346 3422 Provinz
1401 3367 1482 3421 als

364 3461 431 3497 zu
467 3442 612 3497 Rom
652 3440 1008 3497 versehrieen
1052 3439 1297 3494 worden.
1371 3436 1482 3492 Da·

364 3514 468 3578 her
493 3513 653 3568 hatte
688 3512 880 3567 Cicero
908 3508 1165 3575 bewirkt,
1201 3514 1265 3563 ut
1297 3509 1483 3577 priore

365 3600 516 3640 anno
532 3599 648 3639 non
660 3584 1049 3648 succederetur,
1068 3580 1314 3635 bekennt
1332 3580 1482 3648 aber,

366 3655 489 3710 dass
528 3671 588 3709 er
623 3653 781 3709 nicht
817 3652 983 3707 weise
1022 3648 1353 3720 gehandelt‚
1390 3668 1482 3703 zu—

364 3725 481 3781 mal
519 3742 579 3779 er
609 3725 860 3779 dadurch
885 3720 1246 3777 verschuldet
1279 3722 1362 3790 (id
1389 3720 1490 3775 auf

364 3797 474 3852 den
510 3795 812 3864 folgenden
847 3790 1318 3849 Konsekutivsatz
1360 3790 1482 3845 hin-

363 3865 653 3935 weisend)‚
682 3864 802 3920 dass
820 3865 921 3918 das
949 3864 1145 3919 zweite
1171 3860 1311 3916 Jahr
1336 3862 1484 3916 noch

366 3938 456 3991 ein
481 3937 679 3991 dritten
699 3935 849 3990 nach
865 3935 986 3990 sich
1004 3932 1199 3989 ziehen
1214 3934 1290 3988 ko
1301 3938 1486 4002 unte,-

365 4006 487 4061 dass
517 4023 575 4061 es
602 4004 862 4060 wirklich
887 4005 1153 4075 geschah‚
1185 4019 1300 4058 war
1327 4003 1486 4057 nicht

366 4078 517 4132 seine
556 4077 781 4132 Schuld.

436 4189 487 4240 3.
523 4184 623 4238 hoc
651 4214 716 4223 ——
741 4184 1023 4253 provisum
1086 4183 1206 4250 das,
1241 4196 1357 4236 was
1388 4180 1483 4234 ich

366 4253 541 4308 durch
604 4252 834 4324 Mangel
898 4270 969 4309 an
1087 4251 1301 4309 orsicht
1359 4267 1480 4305 ver-

366 4324 637 4380 sehuldet.
686 4356 751 4365 —
799 4326 1060 4381 excitaris
1094 4355 1165 4366 —
1201 4321 1481 4390 incitaris]

1594 2610 1635 2646 s.
1674 2590 1958 2646 dieselben
1996 2591 2317 2662 Synonyma
2353 2594 2528 2647 unten
2565 2598 2595 2659 5
2623 2599 2715 2663 45,

1594 2679 1678 2717 wo
1735 2662 1826 2717 die
1873 2661 2204 2731 Bedeutung
2257 2662 2378 2718 sich
2428 2681 2528 2718 aus
2584 2664 2717 2719 dem

1594 2733 2112 2802 Zusammenhange
2149 2732 2382 2803 ergiebt.
2416 2764 2482 2775 --
2511 2735 2717 2807 tecum]

1594 2802 1701 2856 mit
1737 2801 1858 2857 sich
1896 2803 2087 2871 selbst,
2127 2804 2241 2872 der,
2279 2804 2386 2859 wie
2423 2804 2516 2859 die
2552 2804 2716 2860 Mah-

1592 2892 1747 2942 nung
1793 2874 1891 2942 (ad
1934 2890 2114 2929 omnes
2148 2876 2359 2943 partes)
2417 2876 2521 2930 auf
2559 2875 2717 2931 allen

1595 2943 1892 3027 erieten‚
1941 2943 2003 2999 in
2050 2944 2212 3016 jeder
2257 2945 2519 3000 Hinsicht
2565 2948 2716 3002 nach

1592 3014 2253 3210 {ffffigigssinalsstlissss
2270 3017 2715 3143 mma&

1591 3171 1769 3210 erwor
1811 3173 1895 3212 en.

1660 3249 1712 3300 4.
1769 3244 2060 3301 contrahas
2096 3261 2163 3299 ac
2198 3245 2360 3315 dem]
2397 3244 2558 3300 nicht
2592 3252 2716 3316 aut,

1589 3314 1721 3369 weil
1764 3320 1934 3370 convr.
1983 3331 2050 3369 ac
2089 3317 2225 3371 dem.
2263 3332 2584 3371 zusammen
2620 3318 2715 3372 ein

1592 3384 1756 3440 Glied
1793 3385 2005 3453 bilden‚
2042 3402 2102 3441 so
2141 3385 2264 3441 dass
2295 3402 2356 3440 es
2394 3387 2554 3442 nicht
2591 3388 2713 3443 drei

1612 3472 1681 3510 ne
1726 3487 1793 3496 —-
1841 3473 1909 3512 ac
1954 3487 2018 3496 —
2065 3459 2240 3527 neve),
2288 3457 2527 3512 sondern
2574 3462 2717 3514 zwei

1641 3527 1817 3581 lieder
1853 3529 1959 3596 (ne,
1995 3544 2061 3582 ac
2097 3558 2167 3567 —
2203 3528 2353 3598 neve)
2395 3528 2533 3583 sind.
2608 3528 2717 3584 Be-

1591 3596 1757 3652 achte
1812 3598 1921 3652 den
1977 3596 2389 3667 gleichartigen
2438 3599 2558 3654 Bau
2614 3600 2717 3655 der

1590 3668 1794 3723 beiden
1840 3667 1996 3724 Teile
2043 3669 2143 3722 der
2186 3667 2421 3725 Periode
2466 3670 2581 3723 und
2621 3670 2714 3726 die

1591 3738 2016 3809 gleichmal'sige
2053 3739 2392 3810 Steigerung
2437 3740 2537 3795 der
2571 3738 2717 3796 Aus-

1593 3809 1802 3866 drficke
1841 3809 1910 3864 xin
1959 3809 2178 3865 beiden.
2252 3841 2319 3850 —-
2393 3813 2717 3884 contraque]

1593 3898 1635 3934 s.
1675 3900 1721 3934 z.
1760 3886 1791 3947 ξ
1832 3887 1897 3935 19
1934 3896 2003 3935 ne
2040 3911 2106 3920 -—
2145 3882 2360 3951 quidem
2396 3898 2477 3937 ac.

1665 3973 1713 4023 5.
1765 3974 1908 4024 tenet
1954 3999 2021 4007 —-
2066 3969 2344 4040 videatur]
2401 3968 2516 4024 Der
2566 3974 2716 4027 erste

1595 4039 1826 4093 Satzteil
1880 4037 2106 4093 euthalt
2162 4040 2286 4094 eine
2336 4041 2717 4112 Behauptung

1590 4125 1702 4164 von
1739 4112 1910 4164 etwas
1954 4108 2211 4165 wirklich
2248 4110 2715 4183 Existierendem,

1592 4179 1765 4235 daher
1792 4180 1891 4234 der
1916 4180 2217 4250 Indikativ,
2256 4181 2357 4236 der
2383 4180 2581 4238 zweite
2620 4184 2717 4238 ein

1592 4250 1936 4322 subjektives
1998 4249 2205 4320 Urteil,
2278 4251 2380 4306 das
2452 4253 2715 4322 zugleich

1592 4321 1713 4375 sich
1739 4323 1885 4376 noch
1914 4322 1997 4377 als
2025 4320 2199 4391 Folge
2229 4321 2503 4391 daretellt,
2533 4324 2715 4379 daher
