3000 4917
458 199 545 263 32
1278 194 1411 249 ΜΒ.
1450 194 1491 250 1.
1529 193 1754 251 EPIST.
1793 201 1986 250 8—11.

1341 391 1697 459 EPISTULA
1745 391 1925 458 VIII.

1320 514 1427 582 (Ad
1466 513 1598 569 fam.
1638 513 1784 570 XIV.
1825 517 1934 584 12.)

1037 620 1340 676 TULLIUS
1380 618 1799 675 TERENTIAE
1839 619 2027 674 SUAE
2067 619 2120 676 S.
2160 618 2223 674 D.

643 749 826 825 Quod
897 770 1016 813 nos
1088 749 1158 811 in
1222 745 1483 813 Italiam
1559 748 1774 813 salvos
1840 748 2092 812 venisse
2158 747 2427 831 gaudes,
2493 750 2816 830 perpetuo

465 838 747 924 gaudeas
793 837 1016 921 velim3
1067 837 1176 902 sed
1224 837 1587 920 perturbati
1633 836 1856 901 dolore
1903 835 2102 900 animi
2139 835 2521 921 magnisque
2557 836 2817 899 iniuriis

465 932 702 1011 metu0‚
745 947 825 990 ne
869 926 938 990 id
985 925 1240 991 consilii
1278 927 1655 1008 ceperimus,
1701 925 1873 1010 quod
1908 947 2040 990 non
2077 923 2269 989 facile
2308 926 2631 1012 explicare
2668 947 2818 1008 pos-

464 1018 682 1082 simus.
789 1014 1026 1097 Quare,
1091 1018 1404 1098 quantum
1471 1018 1686 1099 potes,
1750 1014 2010 1097 adiuva3
2077 1014 2231 1097 quid
2296 1019 2514 1078 autem
2579 1016 2819 1097 possis,

461 1105 624 1170 mihi
671 1106 739 1168 in
786 1107 1068 1167 mentem
1111 1124 1243 1167 non
1279 1104 1473 1168 venit.
1547 1102 1623 1167 In
1659 1101 1834 1169 viam
1874 1102 2045 1186 quod
2086 1108 2150 1166 te
2189 1102 2300 1167 des
2340 1104 2461 1167 hoc
2496 1106 2819 1186 tempore,

462 1194 625 1259 nihil
673 1197 797 1257 est:
845 1196 911 1256 et
955 1191 1220 1275 longum
1270 1194 1369 1255 est
1414 1191 1539 1256 iter
1584 1196 1650 1256 et
1685 1213 1816 1256 non
1852 1194 2085 1270 tutum,
2132 1196 2197 1255 et
2233 1213 2365 1255 non
2401 1190 2610 1269 video,
2661 1192 2819 1275 quid

461 1282 768 1367 prodesse
804 1281 1036 1365 possis,
1074 1282 1132 1344 si
1169 1280 1437 1345 veneris.
1515 1279 1693 1346 Vale.
1759 1278 1837 1344 D.
1867 1279 2027 1362 prid.
2055 1277 2225 1346 Non.
2254 1279 2317 1344 N
2321 1301 2421 1345 ov.
2449 1278 2820 1345 Brundisio.

1383 1475 1741 1541 EPISTULA
1785 1474 1896 1539 IX.

1334 1595 1447 1667 (Ad
1484 1596 1616 1649 fam.
1655 1594 1799 1652 XIV.
1843 1598 1947 1665 ιι.)

1032 1701 1346 1758 TULLIUS
1387 1704 1440 1758 S.
1478 1702 1545 1758 D.
1584 1701 2000 1756 TERENTIAE
2040 1701 2241 1758 SUAE.

646 1830 709 1896 S.
755 1854 813 1896 v.
858 1830 919 1894 b.
968 1852 1020 1895 e.
1063 1825 1123 1894 r.
1212 1830 1433 1894 Tullia
1487 1835 1713 1895 nostra
1769 1831 1950 1894 venit
2003 1830 2084 1894 ad
2140 1852 2242 1894 me
2299 1852 2393 1912 pr.
2439 1829 2594 1894 Idus
2652 1829 2822 1914 Iun.;

468 1921 647 1985 cuius
703 1941 957 1984 summa
1013 1919 1254 1983 virtute
1311 1921 1376 1982 et
1431 1919 1747 2002 singulari
1805 1919 2208 1983 humanitate
2264 1919 2563 2004 graviore
2617 1920 2821 1983 etiam

372 2023 380 2034 ‘
447 2031 609 2074 -sum
667 2009 884 2073 dolore
942 2007 1208 2072 affectus
1257 2011 1485 2072 nostra
1533 2008 1777 2072 factum
1826 2029 1963 2072 esse
2009 2007 2447 2093 neglegentia,
2503 2011 2579 2071 ut
2624 2009 2822 2093 longe

469 2099 599 2162 alia
644 2099 711 2161 in
758 2097 1018 2161 fortuna
1065 2101 1253 2180 esset,
1301 2100 1494 2181 atque
1542 2097 1680 2161 eius
1726 2098 1937 2181 pietas
1984 2117 2059 2160 ac
2096 2096 2381 2181 dignitas
2419 2097 2819 2181 postulabat.

467 2184 677 2251 Nobis
732 2188 873 2250 erat
930 2185 1000 2249 in
1047 2186 1260 2249 animo
1308 2183 1685 2250 Ciceronem
1733 2186 1815 2249 ad
1863 2183 2204 2250 Caesarem
2251 2186 2510 2249 mittere
2559 2190 2626 2248 et
2673 2207 2823 2249 cum

471 2296 545 2340 eo
611 2273 728 2339 Cn.
794 2272 1205 2339 Sallustium:
1279 2274 1335 2337 si
1399 2273 1731 2359 profectus
1798 2275 1948 2356 erit,
2019 2272 2252 2338 faciam
2321 2278 2386 2337 te
2453 2275 2822 2339 certiorem.

470 2362 920 2429 Valetudinem
977 2368 1159 2427 tuam
1206 2385 1360 2427 cura
1407 2364 1767 2449 diligenter.
1870 2362 2051 2427 Vale.
2142 2380 2312 2428 XVII.
2370 2362 2449 2427 K.
2507 2361 2824 2438 Quinctil.

1398 2557 1757 2623 EPISTULA
1801 2557 1879 2621 X.

1336 2679 1446 2750 (Ad
1481 2679 1612 2734 fam.
1651 2679 1798 2733 XIV.
1839 2681 1943 2748 15.)

1149 2784 1458 2840 TULLIUS
1499 2785 1554 2840 S.
1593 2787 1658 2840 D.
1695 2784 2131 2840 TERENTIAE.

648 2910 720 2976 Si
766 2913 961 2997 vales,
1007 2913 1168 2978 bene
1218 2916 1330 2976 est.
1416 2909 1998 2997 ConstitueramuS‚
2042 2915 2115 2976 ut
2161 2912 2241 2976 ad
2285 2916 2351 2976 te
2392 2916 2584 2977 antea
2622 2914 2825 2997 scrip-

472 3022 701 3083 seram,
748 3000 1008 3064 obviam
1044 2999 1419 3065 Ciceronem
1459 2998 1724 3066 Caesari
1762 3002 2040 3083 mittere,
2081 3001 2191 3065 sed
2230 3001 2627 3065 mutavimus
2667 3024 2822 3068 con-

472 3090 715 3173 silium,
771 3090 920 3172 quia
976 3089 1053 3153 de
1109 3089 1284 3153 illius
1342 3088 1620 3154 adventu
1677 3090 1839 3154 nihil
1895 3090 2330 3155 audiebamus
2434 3088 2530 3154 De
2587 3093 2821 3156 ceteris

471 3177 689 3261 rebus,
744 3179 867 3242 etsi
922 3178 1087 3242 nihil
1135 3181 1275 3243 erat
1320 3180 1504 3263 novi,
1559 3184 1805 3262 tamen,
1862 3179 2014 3264 quid
2061 3179 2332 3243 velimus
2383 3182 2447 3242 et
2494 3179 2648 3263 quid
2696 3180 2824 3244 hoc

470 3272 762 3351 tempore
809 3270 1110 3351 putemus
1159 3288 1321 3349 opus
1361 3288 1521 3351 esse,
1568 3289 1644 3332 ex
1682 3265 1865 3332 Sicca
1901 3268 2142 3351 poteris
2184 3288 2589 3352 cognoscere.
2673 3268 2826 3333 Tul-

472 3356 629 3420 liam
678 3356 885 3420 adhuc
936 3378 1190 3421 mecum
1234 3359 1439 3420 teneo.
1522 3356 1980 3430 Valetudinem
2028 3361 2208 3421 tuam
2255 3377 2409 3421 cura
2456 3356 2823 3442 diligenter.

470 3444 653 3510 Vale.
746 3463 867 3509 XII.
914 3444 992 3508 K.
1039 3442 1342 3519 Quinctil.

541 3582 714 3637 Emer.
779 3581 929 3636 VIII.
1014 3585 1157 3653 (706.
1215 3585 1326 3651 48.)
1398 3582 1593 3637 Dieser
1701 3584 1896 3639 suchte
1933 3584 2095 3639 ihren
2123 3583 2300 3639 Vater
2327 3584 2395 3638 in
2432 3584 2822 3652 Brundisium3

471 3654 630 3709 Brief
651 3654 726 3708 ist
751 3651 858 3707 wie
888 3653 978 3708 die
1006 3652 1312 3723 folgenden
1338 3653 1400 3708 in
1417 3655 1590 3708 Brun·
1700 3655 1836 3710 aber
1855 3654 2184 3727 derBesuch
2203 3656 2503 3710 etheiterte
2523 3656 2625 3710 ihn
2643 3658 2823 3724 nicht,

473 3724 680 3780 disium
752 3724 1148 3794 geschrieben,
1222 3724 1410 3779 wohin
1474 3725 1594 3780 sich
1700 3725 1829 3781 weil
1866 3743 1925 3781 er
1952 3725 2242 3781 Vorwfirfe
2279 3727 2340 3779 in
2375 3726 2495 3779 ihm
2536 3729 2824 3796 wachrief,

472 3798 665 3852 Cicero
698 3795 845 3851 nach
875 3796 973 3850 der
1000 3795 1272 3850 Schlacht
1297 3796 1392 3850 bei
1419 3796 1591 3851 Phar·
1700 3797 1775 3851 da
1829 3798 1910 3852 sie
1964 3797 2023 3850 in
2076 3796 2505 3867 unglficklicher
2548 3797 2670 3853 Ehe
2719 3801 2826 3855 mit

471 3870 618 3923 salus
656 3867 910 3937 begeben
942 3868 1117 3922 hatte.
1175 3867 1319 3921 Einl.
1352 3887 1395 3921 z.
1423 3867 1474 3922 J.
1504 3874 1590 3923 48.
1700 3869 1996 3924 Dolabella
2014 3868 2182 3923 lebte.
2222 3868 2573 3937 Vg1.'1'm.1.u
2590 3868 2823 3925 Vorbm.

540 3940 797 4010 iniuriis]
838 3938 891 3994 S.
929 3937 1074 3992 Einl.
1117 3970 1179 3977 —
1218 3940 1364 4008 quod
1390 3956 1445 3993 n.
1474 3941 1517 4006 f.
1546 3956 1589 3994 e.
1770 3940 1826 3996 S.
1863 3958 1913 3996 v.
1951 3957 1991 3994 e.
2031 3941 2106 4011 v.]
2147 3940 2358 3994 Seneca
2387 3939 2456 3993 N.
2485 3942 2549 3993 A.
2580 3939 2649 3994 H.
2680 3945 2821 3994 3.‘1:

466 4009 888 4134 ssssssussissfer
905 4008 1269 4150 335ffl113}
1309 4010 1591 4135 ⁰303&
1696 4012 2272 4137 Ζὲἵίαῗέξὶαὲἔῖαιξῖῗ
2300 4027 2505 4151 m.
2528 4012 2824 4151 “im-2?

473 4149 675 4204 durfte.
713 4182 781 4191 -
818 4153 882 4205 in
917 4153 1086 4223 viam]
1127 4151 1393 4206 Terentia
1428 4155 1589 4206 hatte
1696 4155 1873 4208 verbis
1901 4154 2139 4208 adicere:
2174 4155 2226 4208 si
2254 4155 2401 4208 vales
2428 4154 2556 4208 bene
2585 4160 2682 4220 est,
2726 4171 2821 4224 eqo

473 4223 564 4275 die
593 4220 830 4275 Absicht
865 4226 1329 4293 ausgesprochen,
1368 4242 1435 4277 zu
1470 4223 1589 4276 ihm
1695 4226 1862 4278 υαῖεο.
1903 4256 1969 4264 —
2011 4223 2317 4279 Ciceronem
2355 4264 2367 4276 .
2401 4267 2412 4279 .
2451 4226 2683 4296 mittere]
2723 4244 2818 4279 um

473 4310 540 4345 zu
575 4292 854 4347 kommen.
1696 4294 1788 4348 fiir
1841 4296 1951 4350 den
1994 4295 2171 4350 Vater
2214 4294 2568 4365 Verzeihung
2617 4313 2686 4349 zu
2736 4314 2819 4351 er-

541 4362 717 4417 Emer.
758 4363 849 4417 IX.
916 4368 1057 4432 (707.
1095 4367 1205 4432 47.)
1270 4363 1456 4419 Tullia
1494 4364 1588 4419 be·
1695 4364 1899 4421 bitten.
1941 4398 2004 4406 —
2045 4366 2396 4437 Sallustium]
2437 4384 2477 4423 s.
2519 4386 2559 4420 z.
2602 4367 2642 4422 I.
2687 4375 2732 4421 1.
2767 4375 2814 4423 6.
