3000 4917
1012 221 1075 274 Τ.
1112 217 1529 277 POMPONIUS
1567 218 1889 275 ATTICUS.
2540 217 2623 283 97

281 388 504 450 latam.
595 385 750 448 Inde
800 406 838 448 a
885 383 1288 448 Brundisinis
1335 383 1812 447 honestissimis
1860 387 2124 447 ornatus
2173 383 2297 446 iter
2341 382 2438 446 ita
2482 381 2625 463 feci,

281 479 355 539 ut
409 473 689 557 undique
748 473 831 537 ad
887 495 987 536 me
1043 494 1188 536 cum
1243 472 1678 557 gratulatione
1734 471 1934 556 legati
1989 471 2420 537 convenerint.
2520 470 2626 535 Ad
2647 475 2689 537 5

282 563 510 627 urbem
573 564 670 626 ita
730 562 903 643 veni,
968 565 1041 625 ut
1104 582 1293 625 nemo
1358 561 1553 624 ullius
1612 560 1853 624 ordinis
1909 560 2104 625 homo
2159 560 2626 624 nomenclatori

283 657 482 718 notus
518 651 736 733 fuerit,
774 652 884 735 qui
921 650 1082 714 mihi
1119 650 1377 715 obviam
1414 671 1543 714 non
1581 649 1849 734 venerit,
1884 653 2139 732 praeter
2174 671 2284 713 eos
2314 649 2626 732 inimicos,

283 740 522 825 quibus
569 739 647 803 id·
681 740 895 823 ipsum
943 742 1041 819 [se
1085 738 1385 802 inimicos
1432 739 1599 818 esse]
1643 759 1777 802 non
1812 737 2033 802 liceret
2070 743 2182 802 aut
2221 738 2626 802 dissimulare

282 833 399 893 aut
443 848 704 913 negare.
794 826 957 893 Cum
1002 828 1322 892 venissem
1368 826 1449 891 ad
1495 830 1752 911 portam
1792 823 2136 910 Capenam,
2183 825 2420 911 gradus
2467 831 2625 891 tem-

284 920 538 1002 plorum
590 917 672 981 ab
719 917 939 980 infimo
987 916 1174 1002 plebe
1222 915 1526 999 completi
1573 920 1776 998 erant,
1822 937 1860 979 a
1906 936 2034 999 qua
2069 917 2302 999 plausu
2342 916 2624 980 maximo

285 1029 432 1072 cum
490 1010 660 1070 esset
718 1005 881 1069 mihi
929 1005 1278 1089 gratulatio
1326 1004 1715 1088 significata,
1771 1004 2003 1068 similis
2051 1008 2116 1068 et
2159 1004 2521 1088 frequentia
2566 1008 2630 1067 et

285 1097 558 1182 plausus
621 1116 721 1158 me
778 1115 979 1178 usque
1034 1093 1115 1157 ad
1161 1091 1558 1176 Capitolium
1603 1093 1974 1175 celebravit,
2018 1093 2088 1156 in
2132 1092 2399 1176 foroque
2446 1100 2512 1158 et
2557 1094 2627 1156 in

285 1186 431 1269 ipso
490 1182 815 1267 Capitolio
879 1182 1173 1246 miranda
1235 1181 1581 1246 multitudo
1636 1181 1778 1246 fuit.
1876 1180 2201 1246 Postridie
2255 1181 2324 1246 in
2381 1184 2627 1264 senatu,

287 1274 399 1358 qui
446 1274 573 1336 fuit
618 1272 751 1335 dies
798 1269 1134 1335 Nonarum
1182 1269 1572 1354 Septembr.,
1620 1271 1873 1334 senatui
1920 1270 2164 1355 gratias
2212 1270 2482 1355 egimus,

466 1360 566 1425 Eo
615 1359 808 1424 biduo
819 1410 836 1443 ,
892 1382 1038 1424 cum
1087 1364 1255 1423 esset
1302 1380 1594 1423 annonae
1643 1380 1894 1423 summa
1939 1359 2173 1423 caritas
2222 1364 2287 1423 et
2329 1359 2689 1425 homines6

290 1450 370 1514 ad
416 1450 751 1514 theatrum
796 1449 1027 1532 prim0,
1074 1447 1300 1512 deinde
1348 1448 1428 1512 ad
1475 1452 1772 1512 senatum
1813 1448 2306 1530 concurrissent,
2350 1448 2630 1532 impulsu

288 1537 505 1604 Clodii
560 1558 704 1601 mea
758 1558 954 1620 opera
1008 1538 1314 1601 frumenti
1371 1537 1660 1621 inopiam
1708 1558 1846 1600 esse
1894 1537 2273 1618 clamarent,
2327 1557 2473 1601 cum
2518 1559 2632 1622 per

289 1650 401 1692 eos
441 1626 581 1691 dies
622 1630 887 1690 senatus
927 1626 1002 1689 de
1042 1647 1300 1691 annona
1332 1625 1684 1690 haberetur
1720 1628 1786 1688 et
1823 1627 1901 1689 ad
1943 1627 2078 1689 eius
2111 1626 2632 1709 procurationem

289 1737 590 1781 sermone
651 1737 783 1779 non
855 1716 1064 1779 solum
1119 1714 1330 1797 plebis
1384 1736 1609 1778 verum
1664 1714 1858 1778 etiam
1915 1714 2232 1778 bonorum
2287 1713 2632 1796 Pompeius

287 1808 630 1869 vocaretur
683 1803 875 1887 idque
931 1804 1069 1887 ipse
1125 1812 1410 1887 cuperet,
1465 1802 1939 1887 multitudoque
1994 1826 2033 1866 a
2080 1825 2180 1866 me
2227 1803 2633 1886 nominatim,

289 1898 362 1958 ut
406 1894 473 1958 id
520 1893 943 1972 decernerem,
989 1893 1377 1975 postularet:
1428 1891 1553 1956 feci
1576 1895 1668 1962 ‚et
1712 1895 2011 1956 accurate
2059 1892 2444 1956 sententiam
2484 1892 2630 1956 dixi.

249 1990 256 1995 '
290 1981 457 2046 Cum
507 1983 811 2046 abessent
856 1982 1244 2064 consulares,
1290 1980 1459 2064 quod
1507 1984 1648 2045 tuto
1696 2002 1765 2044 se
1806 1983 2121 2065 negarent
2157 2002 2348 2064 posse
2386 1983 2635 2044 senten-

292 2072 454 2135 tiam
494 2071 721 2152 dicere,
766 2075 1022 2153 praeter
1056 2067 1413 2133 Messalam
1454 2072 1520 2132 et
1556 2069 1920 2152 Afranium,
1955 2070 2199 2134 fact-um
2238 2073 2339 2134 est
2375 2074 2633 2133 senatus

291 2160 662 2224 consultum
709 2159 779 2221 in
829 2180 1035 2221 meam
1086 2158 1490 2240 sententiam,
1537 2161 1611 2222 ut
1657 2180 1802 2222 cum
1842 2158 2149 2242 Pompeio
2199 2161 2517 2242 ageretur,
2563 2163 2636 2222 ut

293 2404 433 2459 Sest.
486 2410 570 2458 63.
623 2408 721 2457 131
775 2404 1044 2458 erwahnt.
1084 2433 1148 2442 —
1189 2403 1407 2457 Brund.

292 2476 522 2545 honest]
562 2474 817 2529 Attribut
850 2473 1000 2527 beim
1029 2473 1412 2543 Eigennamen

295 2547 399 2601 wie
437 2547 480 2599 I.
522 2551 569 2601 5.
614 2550 658 2598 1.

366 2622 413 2672 5.
484 2622 703 2686 portam
790 2615 1089 2686 Capenam]
1164 2606 1410 2670 dieselbe

296 2689 467 2755 (auch
513 2706 568 2757 p.
605 2686 961 2756 triumphalis
1006 2689 1277 2755 genannt)
1318 2687 1414 2755 lag

295 2761 396 2814 auf
438 2759 538 2812 der
589 2757 794 2812 Stral'se
836 2757 982 2811 nach
1021 2756 1227 2826 Capua.
1301 2756 1415 2811 Der

295 2830 512 2899 Einzug
549 2831 609 2883 in
639 2830 777 2883 Rom
814 2827 1050 2896 erfolgte
1079 2845 1172 2881 am
1199 2833 1248 2881 4.
1281 2829 1413 2897 Sep-

292 2902 528 2957 tember.
591 2932 656 2940 —
722 2901 790 2955 ab
855 2899 1076 2969 infimo]
1137 2925 1205 2944 =
1262 2914 1414 2967 „von

293 2975 467 3027 unten
522 2969 610 3026 bis
667 2972 863 3025 oben“;
953 2971 1072 3023 Den
1119 2968 1237 3023 ihm
1286 2986 1414 3024 vom

295 3059 560 3113 ganzen
588 3041 767 3096 Volke
802 3039 1109 3095 bereiteten
1137 3040 1415 3110 Empfang

295 3114 567 3168 schildert
612 3129 672 3166 er
723 3113 865 3166 auch
921 3111 991 3165 de
1050 3112 1195 3166 dom.
1234 3130 1280 3166 c.
1320 3118 1414 3176 28;

296 3202 398 3254 pro
459 3186 601 3239 Sest.
650 3202 693 3239 c.
744 3190 827 3238 63.
883 3213 950 3222 -—
998 3184 1072 3237 ad
1119 3182 1275 3251 Cap]
1328 3200 1414 3237 wo

296 3273 358 3310 er
403 3257 513 3311 den
552 3255 787 3310 Gottern
823 3255 1056 3323 opserte.
1095 3284 1163 3293 —
1199 3255 1413 3326 qratia-9

295 3327 542 3452 aaa
565 3325 1258 3451 {222212‡.32za.212ffi0

369 3475 416 3524 6.
449 3469 540 3523 Eo
569 3468 969 3591 biduo])„zwei
998 3467 1151 3536 Tage
1181 3466 1413 3521 darauf“

298 3557 390 3594 am
429 3547 478 3595 7.
510 3539 664 3608 Sept.
788 3555 846 3592 er
875 3537 1046 3592 blosse
1085 3539 1211 3594 Abl.
1242 3541 1410 3606 temp.

297 3611 356 3664 in
410 3610 623 3665 diesem
676 3608 846 3663 Sinne
902 3608 1257 3677 gewohnlich
1310 3611 1416 3662 mit

297 3681 618 3751 folgendem
662 3680 1066 3748 Relativsatze,
1111 3680 1217 3734 wie
1253 3679 1412 3734 Rosc.

299 3751 419 3808 Am.
463 3759 521 3807 '¹12
574 3751 921 3821 Quadridaew,
963 3767 1067 3820 quo
1103 3751 1234 3805 haec
1267 3756 1417 3820 qesta

297 3830 444 3891 sumt,
479 3839 566 3878 res
600 3824 677 3878 ad
717 3820 844 3876 olm
862 3838 1121 3891 soyo‘nam
1156 3822 1414 3881 defertur.

302 3925 367 3937 -—
422 3912 545 3950 cum
591 3924 662 3934 ——
708 3910 828 3947 eum
910 3892 1000 3946 die
1055 3891 1279 3946 beiden.
1310 3891 1417 3945 mit

299 3982 418 4020 eam
466 3964 861 4033 beginnenden
897 3962 1056 4017 Satze
1094 3964 1228 4016 sind>
1252 3962 1414 4016 aller-

301 4038 463 4105 dings
502 4034 875 4101 koordiniert‚
921 4033 1183 4088 indessen
1217 4034 1293 4087 ist
1327 4033 1418 4087 ihr

283 4106 624 4169 ,Verbaltnis
662 4124 787 4159 zum
814 4105 1160 4174 Hauptsatze
1200 4104 1415 4159 keines-

301 4196 450 4248 wegs
506 4178 717 4248 gleich‚
774 4177 847 4230 da
902 4176 1000 4230 der
1049 4174 1221 4230 letzte
1266 4176 1416 4230 dem-

303 4248 493 4304 selben
531 4250 659 4303 dem
705 4246 1012 4302 Gedanken
1054 4247 1198 4300 nach
1242 4248 1418 4301 naher

306 4321 470 4385 steht,
500 4321 675 4373 daher
703 4319 825 4373 sind
847 4316 1134 4373 dieselben
1155 4317 1295 4370 auch
1319 4335 1416 4370 un-

307 4391 639 4445 verbnnden.
659 4420 723 4429 —
745 4391 819 4443 ad
836 4387 1129 4458 theatrum]
1151 4388 1277 4442 weil
1292 4388 1419 4442 dort

411 4489 591 4530 Ciceros
621 4499 816 4538 ausgew.
843 4488 1010 4528 Briefe.

1518 2404 1721 2472 gerade
1769 2420 1901 2457 vom
1949 2409 1999 2456 4.
2051 2403 2380 2472 September
2424 2404 2497 2457 ab
2545 2403 2635 2457 die

1519 2475 1661 2527 Ludi
1706 2473 1948 2527 Romani
1996 2471 2232 2542 gefeiert
2276 2474 2519 2528 wurden.
2566 2505 2632 2514 —

1518 2562 1637 2599 mea
1672 2561 1837 2614 opera
1910 2543 2135 2597 Clodius
2182 2544 2294 2598 und
2334 2544 2487 2599 seine
2525 2547 2635 2598 Au-

1520 2621 1731 2683 hanger
1779 2631 1838 2668 sc
1880 2616 2052 2680 oben,
2099 2632 2194 2668 um
2232 2615 2353 2668 sich
2390 2614 2479 2668 fiir
2516 2615 2635 2670 ihre

1519 2686 1859 2753 Niederlage
1903 2704 1971 2738 zu
2017 2687 2249 2753 rachen,
2306 2685 2498 2740 Cicero
2546 2687 2636 2740 die

1524 2756 1734 2811 Schuld
1772 2757 1869 2811 der
1905 2755 2202 2826 Teuerung
2237 2775 2334 2824 zu,
2379 2757 2509 2811 weil
2545 2757 2638 2812 bei

1524 2828 1622 2881 der
1658 2827 2054 2896 Abstimmung
2088 2828 2228 2882 fiber
2264 2830 2415 2882 scine
2451 2827 2634 2882 Rfick-

1522 2899 1665 2952 kehr
1702 2900 1793 2953 die
1824 2899 1990 2953 Stadt
2016 2899 2122 2953 mit
2149 2899 2450 2954 Menschen
2477 2899 2636 2953 fiber-

1521 2969 1654 3025 ffillt
1690 2987 1821 3024 war.
1889 2968 1981 3024 Sie
2015 2970 2329 3025 stachelten
2356 2970 2456 3026 das
2487 2971 2637 3026 Volk

1522 3039 1643 3109 auf,
1707 3040 2057 3110 umlagerten
2123 3042 2230 3096 den
2289 3041 2460 3097 Sena-t
2522 3043 2636 3096 und

1523 3112 1840 3182 empfingen
1869 3112 1960 3166 die
1979 3129 2077 3166 zur
2097 3113 2330 3182 Sitzung
2349 3112 2653 3168 kommen-'

1524 3184 1632 3238 den
1702 3184 2006 3238 Senatoren
2079 3183 2186 3237 mit
2250 3184 2634 3239 Steinwt‘irfen.

1522 3254 1633 3309 Cic.
1678 3255 1838 3324 ffigte
1892 3255 2011 3308 sich
2059 3255 2187 3308 dem
2234 3256 2493 3323 Drangen
2539 3256 2639 3309 der

1522 3325 1737 3395 Biirger
1773 3326 1885 3379 und
1915 3326 2025 3394 gab
2055 3326 2174 3379 sein
2204 3324 2521 3380 Gutachten
2548 3324 2637 3378 fiir

1520 3396 1817 3466 Pompejus
1855 3397 1945 3464 ab,
1983 3397 2082 3450 der
2118 3395 2295 3450 durch
2324 3396 2414 3450 die
2442 3396 2635 3450 kunst-

1523 3468 1637 3522 lich
1686 3466 2141 3537 herbeigeft'ihrte
2180 3467 2475 3535 Teuerung
2513 3467 2636 3520 eine

1524 3538 2056 3594 ausserordentliche
2089 3537 2414 3592 Vollmacht
2449 3556 2517 3590 zu
2555 3553 2637 3591 er·

1524 3611 1719 3664 halten
1786 3609 1977 3665 hoffte.
2034 3640 2100 3649 —
2157 3615 2220 3664 at
2283 3609 2634 3678 decernerem]

1525 3680 1648 3733 dass
1692 3681 1787 3734 ich
1834 3680 1997 3735 daffir
2043 3680 2305 3734 stimmen
2353 3680 2528 3734 sollte.
2571 3711 2637 3719 —

1524 3753 1671 3875 Ἧι
1701 3749 2637 3891 ”ξὲἒιζῖ”ΐὲαἳθῐεξὲἓιπῗὲἐέαἵὲ·

1523 3894 1763 3947 sondern
1793 3894 1891 3946 der
1917 3892 2106 3947 Inhalt
2132 3895 2228 3948 des
2255 3892 2468 3961 Sagens
2497 3896 2640 3957 (tato

1523 3980 1577 4017 se
1610 3980 1724 4018 non
1750 3980 1910 4033 posse
1945 3980 1986 4021 8.
2024 3966 2104 4030 d.)
2155 3966 2238 4019 als
2277 3963 2368 4017 die
2404 3964 2640 4019 Ansicht

1526 4033 1625 4088 der
1660 4035 2008 4089 Konsularen
2056 4035 2381 4089 bezeichnet
2416 4036 2639 4089 werden

1526 4104 1649 4173 soll,
1678 4106 1770 4174 (st.
1799 4107 2073 4176 neyabant
2101 4107 2235 4159 oder
2262 4107 2407 4175 qaod
2434 4137 2501 4146 -
2527 4123 2641 4161 non

1516 4179 1787 4244 possem);
1813 4191 1817 4196 ·
1844 4177 1957 4245 vgl.
2005 4176 2099 4232 III.
2147 4183 2230 4231 24.
2280 4183 2329 4232 3.
2373 4195 2426 4233 u.
2464 4184 2550 4232 35.
2591 4185 2638 4233 1.

1529 4277 1590 4286 —
1658 4247 1797 4317 tuto]
1873 4247 1952 4301 sie
2017 4248 2247 4302 wollten
2311 4247 2470 4302 nicht
2532 4248 2642 4303 den

1526 4318 1794 4371 Zwecken
1833 4318 1929 4371 des
1957 4317 2148 4387 Pomp.
2178 4320 2380 4374 dienen
2413 4320 2528 4374 und
2556 4336 2638 4372 er-

1524 4387 1773 4458 marten,
1830 4389 1929 4443 der
1973 4388 2143 4444 Senat
2189 4389 2269 4444 sei
2314 4391 2473 4444 nicht
2519 4388 2640 4442 frei.

2187 4484 2215 4532 7
