3000 4917
1051 233 1109 288 C.
1148 232 1579 328 SCRIIJONIUS
1617 233 1853 289 CURIO.
2499 234 2628 299 113

279 399 347 459 te
387 397 657 460 absente
705 397 871 478 fieri,
918 395 1088 480 quod
1134 395 1281 479 tibi,
1329 418 1474 461 cum
1521 396 1836 480 venisseS,
1883 418 2016 461 non
2062 401 2233 462 esset
2276 397 2624 482 integrum.

281 484 599 568 Equidem
648 484 801 568 quid
848 485 1147 567 sentiam,
1194 489 1307 548 aut
1352 485 1631 548 scribam
1679 484 1760 548 ad
1796 488 1862 549 te
1900 488 2129 569 postea
2165 486 2455 569 pluribus
2495 490 2624 570 aut,

280 594 366 637 ne
423 572 503 636 ad
560 595 634 637 ea
691 573 1024 655 meditere,
1079 572 1471 656 imparatum
1528 576 1594 637 te
1642 572 1960 636 offendam
2009 594 2350 657 coramque
2398 578 2624 640 contra

279 662 481 725 istam
534 662 854 726 rationem
906 683 1117 725 meam
1174 660 1409 743 dicam,
1462 665 1539 725 ut
1595 664 1708 724 aut
1751 664 1816 724 te
1861 661 1932 725 in
1978 682 2188 725 meam
2236 664 2623 728 sententiam

281 749 600 814 adducam
638 753 752 814 aut
794 753 965 814 certe
993 752 1304 814 testatum
1333 749 1504 832 apud
1534 749 1822 813 animum
1850 753 2033 814 tuum
2062 750 2436 834 relinquam,
2474 752 2623 835 quid

284 838 613 921 senserim,
660 841 751 922 ut,
798 839 854 903 si
904 838 1158 922 quando
1199 871 1283 882 —-·
1321 838 1490 922 quod
1539 838 1744 902 nolim
1788 873 1864 884 —
1910 838 2246 921 displicere
2282 839 2403 902 tibi
2439 842 2624 905 tuum

280 926 625 991 consilium
681 927 989 1010 coeperit,
1045 926 1255 1009 possis
1303 947 1518 990 meum
1574 925 1918 991 recordari.
2021 926 2212 990 Brevi
2267 930 2488 991 tamen
2536 929 2626 993 sic

281 1014 552 1097 habet0,
609 1016 678 1079 in
734 1037 879 1079 eum
937 1019 1178 1079 statum
1224 1018 1592 1097 temporum
1637 1018 1822 1079 tuum
1866 1014 2147 1079 reditum
2192 1015 2498 1095 incidere,
2554 1021 2628 1081 ut

284 1104 364 1166 iis
412 1104 631 1186 bonis,
677 1125 837 1186 quae
883 1103 1309 1185 tibi.natura,
1355 1103 1597 1186 studio,
1641 1102 1906 1167 fortuna
1953 1103 2107 1166 data
2153 1106 2323 1185 sunt,
2367 1104 2625 1169 facilius

282 1192 536 1276 omnia,
590 1213 752 1276 quae
813 1194 963 1256 sunt
1018 1191 1425 1274 amplissima
1470 1192 1540 1254 in
1585 1213 1654 1254 re
1699 1191 1991 1274 publica,
2037 1192 2347 1275 consequi
2393 1193 2626 1276 possis,

278 1302 478 1363 quam
515 1280 904 1362 muneribus,
941 1301 1218 1363 quorum
1254 1300 1463 1363 neque
1491 1279 1871 1344 facultatem
1901 1279 2242 1365 quisquam
2270 1280 2628 1346 admiratur

280 1404 368 1414 —-
426 1373 527 1433 est
580 1369 752 1433 enim
808 1369 1166 1452 copiarum,
1220 1389 1352 1432 non
1398 1368 1660 1432 virtutis
1708 1404 1823 1450 --,
1868 1390 2075 1453 neque
2121 1368 2463 1453 quisquam
2510 1373 2626 1453 est,

280 1457 440 1541 quin
485 1458 787 1522 satietate
833 1458 965 1521 iam
1011 1456 1300 1521 defessus
1340 1456 1442 1521 sit.
1536 1456 1659 1521 Sed
1707 1457 1914 1541 aliter,
1961 1460 2154 1542 atque
2192 1458 2623 1536 ostenderam,
2645 1460 2688 1524 2

277 1545 471 1631 facio,
515 1547 626 1631 qui
671 1546 998 1632 ingrediar
1046 1545 1126 1609 ad
1174 1544 1619 1628 explicandam
1658 1546 1980 1610 rationem
2018 1546 2377 1610 sententiae
2414 1568 2624 1630 meae;

281 1655 480 1717 quare
541 1656 798 1700 omnem
852 1634 1020 1698 hanc
1078 1634 1584 1717 disputationem
1639 1634 1711 1697 in
1757 1634 2106 1698 adventum
2151 1636 2337 1698 tuum
2382 1635 2625 1700 differo.

279 1720 547 1787 Summa
605 1724 770 1787 scito
824 1723 893 1786 in
950 1723 1427 1805 exspectatione
1480 1725 1548 1786 te
1603 1744 1742 1786 esse
1800 1743 2000 1806 eaque
2054 1744 2093 1786 a
2139 1726 2204 1786 te
2253 1724 2627 1806 exspectari,

286 1832 451 1894 quae
491 1834 529 1875 a
566 1833 821 1876 summa
858 1812 1094 1875 virtute
1133 1832 1512 1894 summoque
1548 1810 1808 1895 ingenio
1849 1810 2282 1895 exspectanda
2320 1815 2500 1895 sunt3
2547 1811 2628 1875 ad

287 1920 455 1982 quae
502 1899 558 1963 si
606 1922 693 1982 es,
739 1902 814 1964 ut
859 1900 1071 1983 debes,
1117 1904 1383 1985 paratus
1426 1934 1504 1945 --
1549 1899 1721 1983 quod
1758 1899 1853 1963 ita
1890 1920 2030 1963 esse
2069 1899 2321 1964 confido
2363 1936 2446 1947 —
2486 1902 2628 1984 plu-

283 1988 467 2052 rimis
515 1988 941 2071 maximisque
986 1988 1359 2052 muneribus
1408 1991 1475 2052 et
1522 2009 1641 2052 nos
1689 1988 1930 2052 amicos
1978 1991 2044 2051 et
2089 1987 2258 2052 cives
2297 1991 2444 2052 tuos
2493 1989 2667 2055 uni-.

283 2098 508 2141 versos
555 2080 620 2141 et
654 2097 791 2140 rem
827 2076 1154 2158 publicam
1194 2076 1479 2140 adficies:
1531 2076 1692 2140 illud
1731 2097 2081 2161 cognosces
2118 2076 2429 2159 profecto,
2467 2077 2630 2144 mihi

287 2169 357 2227 te
402 2183 611 2248 neque
658 2165 969 2230 cariorem
1016 2186 1221 2248 neque
1269 2165 1706 2229 iucundiorem
1754 2186 1894 2228 esse
1942 2186 2347 2249 quemquam.

1144 2412 1497 2477 Ems'rULA
1548 2410 1755 2476 XXII.

1200 2533 1310 2600 (Ad
1346 2532 1477 2586 fam.
1518 2532 1587 2586 11.
1627 2533 1702 2600 4.)

938 2656 1015 2713 M.
1056 2654 1316 2711 CICERO
1358 2657 1410 2713 S.
1450 2657 1516 2713 D.
1558 2654 1615 2710 O.
1654 2653 1972 2711 CURIONI.

463 2762 910 2846 Epistularum
966 2785 1204 2849 genera
1259 2766 1468 2831 multa
1525 2787 1663 2830 esse
1719 2786 1852 2829 non
1907 2764 2200 2850 ignoraS,
2263 2764 2373 2829 sed
2429 2787 2629 2831 unum
2654 2767 2687 2831 1

287 2850 451 2916 illud
491 2851 937 2936 certissimum,
975 2854 1155 2918 cuius
1194 2875 1388 2919 causa
1424 2855 1692 2919 inventa
1727 2875 1832 2918 res
1870 2853 2016 2936 ipsa
2055 2857 2172 2937 est,
2209 2856 2282 2917 ut
2322 2853 2629 2919 certiores

287 2939 644 3004 faceremus
696 2941 1023 3019 absentes,
1080 2943 1136 3006 si
1186 2943 1342 3027 quid
1393 2945 1584 3025 esset,
1638 2941 1809 3026 quod
1866 2963 1976 3007 eos
2035 2943 2196 3008 scire
2250 2946 2363 3007 aut
2403 2948 2632 3009 nostra

297 3112 364 3166 II.
408 3118 489 3168 13.
537 3119 595 3168 3:
643 3115 708 3168 iro
741 3131 882 3169 mws
910 3133 963 3171 u.
994 3119 1166 3170 sonst.
1200 3148 1264 3156 —
1292 3132 1400 3171 esse
1513 3117 1775 3171 Maxima
1794 3118 2188 3185 exspectatione
2205 3118 2268 3171 in
2278 3120 2556 3187 perditam
2585 3161 2628 3175 ..

283 3185 580 3255 integrum]
628 3188 773 3240 noch
821 3188 1221 3256 unangetastet
1266 3188 1403 3253 sein,
1501 3189 1851 3257 provinciam
1896 3202 1996 3241 nos
2030 3189 2235 3243 vertisse
2269 3191 2404 3244 scito
2435 3191 2628 3257 pridie

282 3272 344 3310 so
392 3254 511 3308 dass
559 3256 635 3310 du
679 3255 818 3311 freie
856 3258 1023 3311 Hand
1060 3258 1221 3312 darin
1257 3258 1401 3311 hast.
1510 3259 1642 3313 Kal.
1695 3258 1926 3313 Sextiles
1976 3257 2189 3327 (Cicero
2246 3276 2362 3312 war
2409 3259 2628 3327 Gegen-

285 3324 396 3381 Cic.
434 3325 705 3395 fiirchtet‚
756 3327 879 3382 dass
918 3327 1083 3382 Curio
1123 3327 1400 3382 Schulden
1512 3329 1677 3383 stand
1731 3329 1829 3383 der
1882 3327 2258 3398 Erwartung);
2315 3331 2433 3383 Att.
2480 3328 2628 3385 VIII.

281 3396 523 3451 machen
543 3396 660 3450 und
680 3396 802 3452 sich
817 3400 969 3452 dann
982 3414 1055 3452 an
1068 3398 1405 3468 denjenigen
1516 3405 1599 3454 11.
1649 3399 1716 3453 D.
1767 3405 1826 3453 3:
1876 3398 2014 3454 Cum
2058 3416 2143 3454 res
2188 3402 2252 3453 in
2294 3414 2506 3452 summa
2542 3416 2631 3453 εω-

284 3466 590 3521 verkaufen
628 3468 834 3536 wiirde,
873 3469 975 3523 der
1010 3470 1090 3524 sie
1129 3469 1403 3524 bezahlte.
1510 3471 1839 3539 spectatione
1882 3476 2028 3525 esset.
2077 3500 2145 3510 —
2191 3469 2531 3539 muneribus]
2572 3470 2632 3523 in

284 3568 355 3578 --
405 3554 475 3591 ne
522 3568 588 3577 -
632 3539 906 3610 meditere]
948 3539 1126 3594 damit
1162 3540 1237 3595 du
1274 3540 1405 3595 dich
1512 3541 1777 3595 auderem
1815 3538 1988 3595 Sinne
2023 3540 2129 3595 wie
2167 3542 2313 3595 oben
2349 3545 2379 3605 ξ
2422 3546 2467 3593 1.

284 3609 447 3662 nicht
485 3608 587 3661 auf
608 3608 731 3663 eine
762 3608 1167 3681 Widerlegung·
1193 3611 1405 3666 meiner
1581 3612 1763 3666 Emer.
1801 3610 1975 3665 XXII.
2017 3614 2160 3679 (701.
2200 3614 2310 3677 53.)

288 3677 723 3749 Vorstellungen
778 3680 1129 3736 vorbereiten
1180 3682 1404 3738 kannst.
1585 3690 1632 3737 1.
1670 3699 1846 3737 unum
1880 3683 1919 3736 i.
1959 3683 2112 3752 cert]
2154 3708 2220 3728 ==
2257 3680 2388 3735 Dies
2426 3680 2502 3735 ist
2537 3698 2630 3735 am

284 3780 355 3790 --
383 3751 547 3804 istam
573 3750 868 3822 rationem]
896 3752 995 3806 der
1011 3751 1403 3823 Berechnung;
1509 3753 1816 3808 sichersten
1871 3753 1994 3807 eine
2044 3770 2155 3807 von
2200 3753 2308 3806 den
2353 3751 2630 3807 verschie-

285 3821 387 3874 der
440 3819 682 3874 Ansicht
743 3821 841 3875 des
897 3821 1061 3877 Curio
1131 3839 1240 3878 von
1297 3824 1404 3878 den
1511 3824 1692 3879 denen
1719 3822 1956 3877 Klassen
1984 3824 2082 3877 der
2098 3823 2299 3877 Briefe.
2355 3821 2482 3892 Vgl.
2504 3821 2630 3877 Sen.

286 3890 539 3960 Spielen‚
587 3891 679 3946 die
731 3909 791 3946 er
836 3894 1018 3961 geben
1063 3912 1130 3947 zu
1180 3900 1404 3949 mussan
1513 3894 1584 3947 de
1614 3895 1774 3946 clem.
1806 3892 1875 3954 Π.
1907 3897 1958 3947 4.
1980 3899 2045 3950 2:
2082 3894 2527 3961 hanepossumus
2544 3894 2629 3947 in-

284 3960 522 4028 memte,
578 3961 768 4016 wollte
815 3961 1007 4018 Cicero
1061 3964 1151 4018 die
1207 3965 1402 4035 eigene
1513 3965 1733 4019 saraiam
1769 3979 1961 4018 vocare
1968 3983 1990 4028 ,·
2025 3980 2157 4018 nam
2191 3964 2354 4017 varia
2388 3968 2518 4017 sunt
2543 3981 2630 4034 ye-

282 4032 832 4102 gegenfiberstellen.
849 4064 917 4074 —
937 4036 1142 4090 Brevi.
1164 4036 1402 4107 ‚habeto]
1511 4052 1646 4089 nera
1674 4035 1808 4099 eius,
1845 4038 1895 4088 et
1921 4034 2138 4088 nullum
2166 4035 2434 4100 certius,
2467 4052 2632 4104 quam

288 4102 476 4157 Soviel
515 4103 676 4158 wisse
706 4104 911 4174 jedocb
951 4107 1012 4159 in
1037 4106 1178 4161 aller
1206 4106 1402 4160 Kfirze.
1513 4106 1655 4176 quod
1705 4109 1798 4160 etc.
1851 4134 1918 4143 —
1963 4110 2027 4158 ut
2072 4121 2114 4158 e.
2166 4105 2487 4177 faceremus]
2537 4107 2628 4161 die

285 4172 340 4227 S.
381 4193 427 4228 z.
463 4173 505 4228 1.
544 4179 629 4230 25.
667 4181 717 4229 4.
1510 4177 1881 4242 Fortsetzung·
1899 4174 1997 4230 des
2017 4173 2352 4230 Gedankens
2374 4176 2631 4232 schliel'st

359 4251 409 4299 2.
438 4246 515 4299 ad
541 4246 681 4314 expl.
710 4247 1005 4318 rationem]
1034 4265 1130 4300 zur
1159 4248 1403 4316 Begrfin-
1513 4246 1633 4301 sich
1670 4245 1769 4299 der
1796 4243 1959 4299 Form
1997 4246 2145 4300 nach
2171 4262 2242 4300 an
2274 4248 2383 4302 den
2409 4248 2630 4303 Neben-

286 4315 456 4383 dung.
503 4346 574 4356 —
618 4319 1035 4388 eoespectatione]
1090 4318 1404 4387 passivisch
1513 4320 1631 4372 satz
1671 4316 1831 4371 cuius
1860 4358 1872 4371 .
1910 4358 1923 4371 .
1961 4318 2089 4386 ipsa
2115 4323 2192 4372 est
2219 4334 2308 4384 an,
2338 4320 2511 4373 daher
2530 4319 2630 4372 das

285 4385 390 4440 das
420 4385 947 4456 Erwartetwerden3
978 4388 1096 4444 Att.
1127 4388 1193 4442 V.
1228 4394 1310 4442 16.
1343 4395 1402 4443 2:
1512 4386 1735 4458 Imperf.
1765 4403 1961 4457 wegen
1987 4391 2211 4443 inventa
2229 4394 2320 4443 est.
2368 4387 2495 4457 Vgl.
2519 4387 2631 4441 den

397 4483 578 4525 Ciceros
606 4495 806 4535 ausgew.
833 4486 1001 4526 Briefe.
2175 4480 2207 4528 8
