3000 4917
485 191 615 256 192
1307 195 1444 249 LIB.
1482 193 1576 249 ΠΙ.
1640 195 1864 250 EPIST.
1904 202 1990 251 29.

1332 393 1686 458 EPISTULA
1731 393 1965 461 XXIX.

1406 516 1513 583 (Ad
1545 515 1679 568 fam.
1707 514 1801 567 VI.
1832 517 1906 583 4.)

1088 636 1162 692 M.
1202 636 1462 692 CICERO
1502 637 1557 691 S.
1595 637 1662 694 D.
1702 638 1766 692 A.
1808 637 2216 703 TORQUATO.

425 768 461 832 1
658 761 850 845 Novi,
897 763 1066 847 quod
1116 764 1196 828 ad
1241 768 1308 828 te
1357 765 1720 849 scriberem,
1767 764 1934 828 nihil
1982 770 2138 847 erat,
2185 770 2251 830 et
2295 770 2533 849 tamen,
2582 766 2639 829 si
2678 767 2813 850 quid

483 855 673 935 esset,
712 852 994 917 sciebam
1030 856 1095 916 te
1136 875 1174 916 a
1210 853 1341 917 tuis
1380 853 1721 918 certiorem
1760 854 1898 917 fieri
1936 854 2171 919 solere:
2218 854 2295 917 de
2333 854 2569 919 futuris
2609 859 2812 919 autem

377 1008 388 1017 ,
480 941 673 1006 rebus
732 941 855 1006 etsi
909 963 1163 1025 semper
1218 941 1474 1007 difficile
1542 945 1643 1007 est
1708 943 1942 1026 dicere,
2005 951 2224 1008 tamen
2290 943 2617 1007 interdum
2681 965 2813 1010 0011-

480 1030 727 1094 iectura
781 1031 994 1113 possis
1049 1032 1316 1114 propius
1374 1031 1699 1112 accedere,
1755 1053 1900 1096 cum
1946 1034 2046 1096 est
2090 1053 2193 1095 res
2242 1033 2589 1116 eiusmodi,
2648 1034 2812 1096 cuius

484 1120 694 1183 exitus
741 1119 1065 1202 provideri
1100 1120 1329 1203 possit.
1401 1118 1595 1184 Nunc
1631 1123 1886 1185 tantum
1925 1120 2218 1184 videmur
2254 1121 2653 1204 intellegere,
2696 1144 2815 1186 non

485 1208 864 1271 diuturnum
892 1209 1157 1291 bellum,
1195 1210 1319 1273 etsi
1347 1207 1412 1270 id
1439 1209 1655 1292 ipsum
1692 1209 2019 1273 nonnullis
2057 1209 2310 1273 videtur
2349 1231 2549 1274 secus.
2623 1209 2813 1294 Equi-

482 1296 629 1360 dem
685 1317 827 1360 cum
886 1296 1044 1361 haec
1102 1297 1492 1375 scribebam,
1551 1297 1792 1381 aliquid
1849 1297 1982 1361 iam
2036 1301 2251 1362 actum
2306 1298 2649 1382 putabam3
2715 1299 2812 1363 sed

483 1385 660 1469 quid,
720 1384 1003 1450 difficilis
1068 1389 1209 1449 erat
1273 1386 1670 1451 coniectura:
1735 1409 1886 1450 nam
1948 1408 2093 1450 cum
2158 1387 2370 1451 omnis
2435 1387 2595 1451 belli
2650 1387 2811 1452 Mars

486 1475 849 1539 communis
899 1479 962 1539 et
1009 1496 1154 1538 cum
1201 1497 1456 1559 semper
1502 1474 1733 1539 incerti
1779 1475 1989 1539 exitus
2034 1475 2426 1559 proeliorum
2472 1478 2642 1558 sunt,
2687 1481 2812 1540 tum

477 1562 604 1627 hoc
646 1566 938 1646 tempore
982 1564 1077 1628 ita
1123 1585 1398 1648 magnae
1444 1564 1768 1648 utrimque
1825 1565 2077 1647 copiae,
2131 1564 2227 1628 ita
2279 1567 2548 1648 paratae
2597 1564 2679 1628 ad
2723 1565 2812 1628 de-

476 1652 899 1736 pugnandum
940 1674 1080 1717 esse
1120 1653 1434 1736 dicuntur,
1471 1656 1561 1736 ut,
1599 1657 1990 1737 utercunque
2028 1652 2274 1736 vicerit,
2308 1674 2443 1717 non
2471 1653 2560 1717 sit
2592 1654 2819 1717 mirum.

477 1742 783 1807 futurum.
848 1741 975 1805 Illa
1011 1744 1079 1806 in
1118 1741 1254 1806 dies
1294 1741 1585 1826 singulos
1624 1742 1833 1825 magis
1863 1743 2199 1826 magisque
2230 1742 2451 1825 opinio
2484 1742 2813 1806 hominum

478 1830 922 1913 confirmatur,
961 1831 1216 1895 etiamsi
1253 1831 1426 1894 inter
1463 1852 1692 1895 causas
1732 1851 2056 1894 armorum
2097 1831 2506 1915 aliquantum
2546 1832 2812 1915 intersit,

475 1922 690 1982 tamen
742 1919 913 1983 inter
950 1919 1257 1984 victorias
1295 1940 1427 1983 non
1465 1919 1740 1983 multum
1779 1918 2266 1983 interfuturum:
2316 1921 2557 1983 alteros
2594 1941 2811 2004 prope-

476 2007 737 2072 modum
785 2008 917 2072 iam
965 2030 1183 2072 sumus
1232 2009 1505 2091 experti3
1555 2009 1631 2072 de
1679 2008 1885 2072 altero
1932 2030 2124 2072 nemo
2173 2012 2301 2089 est,
2353 2009 2511 2091 quin
2563 2009 2813 2095 cogitet,

478 2117 672 2178 quam
720 2097 806 2159 sit
851 2097 1231 2161 metuendus
1277 2098 1484 2161 iratus
1533 2097 1743 2162 vietor
1790 2100 2097 2160 armatuS.

416 2185 458 2250 2
657 2182 803 2250 Hoc
831 2185 973 2250 1000
1004 2187 1059 2249 si
1092 2186 1316 2250 videor
1355 2206 1589 2270 augere
1629 2186 1917 2251 dolorem
1955 2188 2156 2269 tuum,
2195 2206 2386 2269 quem
2426 2185 2813 2249 consolando

482 2272 695 2337 levare
727 2273 1053 2376 debebam,
1092 2274 1302 2340 fateor
1330 2297 1431 2338 me
1471 2275 1910 2339 communium
1949 2274 2267 2339 malorum
2306 2274 2814 2339 consolationem

475 2362 727 2426 nullam
775 2364 1062 2428 invenire
1107 2368 1365 2447 praeter
1413 2364 1596 2427 illam
1661 2400 1736 2409 —
1799 2384 1964 2448 quae
2018 2366 2263 2440 tamen,
2312 2363 2367 2427 si
2421 2363 2634 2445 possis
2682 2384 2815 2427 eam

478 2452 828 2536 suscipere,
894 2453 1174 2517 maxima
1244 2456 1345 2516 est
1410 2474 1660 2536 quaque
1725 2472 1847 2534 ego
1914 2451 2147 2516 cotidie
2214 2449 2423 2534 magis
2492 2455 2646 2516 utor
2711 2474 2817 2514 -ε

478 2541 935 2605 conscientiam
1001 2545 1215 2606 rectae
1280 2541 1640 2607 voluntatis
1706 2541 2055 2604 maximam
2112 2539 2647 2604 consolationem
2685 2562 2817 2604 esse

474 2651 686 2693 rerum
734 2630 1291 2695 incommodarum
1337 2651 1456 2694 nec
1506 2652 1644 2695 esse
1691 2630 1893 2694 ullum
1938 2649 2246 2713 magnum
2283 2629 2526 2692 malum
2564 2635 2819 2712 praeter

546 2803 720 2858 Emsr.
749 2803 945 2858 XXIX.
975 2805 1117 2873 (709.
1140 2806 1251 2873 45)
1298 2803 1411 2858 Der
1440 2803 1599 2857 Brief

472 2874 549 2928 ist
611 2873 745 2928 bald
810 2875 955 2929 nach
1019 2876 1146 2930 dem
1208 2875 1442 2944 vorigen
1497 2892 1590 2946 ge-

477 2944 783 2998 schrieben.

1698 2803 1993 2872 kampfen,
2043 2802 2217 2857 Casar
2251 2800 2508 2871 k'ampfte
2544 2802 2639 2856 fiir
2677 2804 2821 2857 seine

1699 2844 2043 2928 Herrscha’ft.
2100 2905 2167 2913 —
2223 2873 2443 2943 alteros]
2503 2873 2668 2927 Nach
2729 2874 2820 2929 der
2926 2920 2935 2935 ‚

1698 2945 1970 3014 Meinung
2006 2943 2221 3025 einiger
2258 2944 2533 3013 Ausleger
2569 2944 2823 2999 bezeich-

1698 3018 1798 3070 net
1834 3017 2030 3070 alteros
2057 3013 2149 3070 die
2180 3015 2600 3070 Casarianische
2631 3016 2820 3070 Partei

549 3091 596 3140 1.
634 3086 808 3158 Novi]
858 3086 995 3142 fiber
1040 3088 1131 3143 die
1168 3087 1490 3157 Ereignisse
1533 3088 1590 3141 in

477 3158 735 3226 Spanien.
776 3189 843 3198 —-
881 3160 1020 3214 diat.
1059 3159 1276 3230 bellum]
1326 3176 1399 3213 sc.
1438 3161 1591 3226 futu-

475 3246 631 3298 rum;
681 3246 743 3284 so
788 3231 867 3283 ist
913 3229 1165 3299 sogleich
1209 3248 1275 3283 zu
1320 3232 1414 3285 sed
1457 3231 1594 3299 quid

473 3318 542 3354 zu
570 3304 845 3370 erganzen
874 3302 1058 3356 actum
1089 3304 1252 3355 esset.
1281 3331 1349 3342 -
1380 3302 1595 3368 aliqwid

473 3373 586 3426 iam
622 3374 824 3440 aetum]
876 3371 997 3425 dass
1036 3373 1210 3426 schon
1248 3374 1420 3425 etwas
1457 3370 1593 3426 Ent-

474 3441 839 3497 scheidendes
859 3444 1193 3512 geschehen.
1207 3473 1271 3481 —
1286 3443 1411 3496 belli
1429 3444 1594 3497 Mars

473 3515 794 3584 communis]
807 3514 986 3580 Mars,
1001 3512 1390 3582 Kriegsglfiok,
1408 3513 1515 3567 wie
1535 3514 1593 3567 in

473 3601 642 3653 aequo
665 3586 856 3639 Marte
880 3600 1146 3654 puynare.
1188 3584 1592 3640 Liv.VIII.11.

475 3655 816 3710 Communem
833 3671 957 3710 vero
980 3657 1222 3709 Martem
1241 3657 1367 3710 belli
1383 3661 1593 3710 utram-

471 3744 573 3797 que
591 3728 760 3782 aciem
777 3728 917 3796 pari
943 3728 1101 3781 caede
1123 3729 1500 3796 prostravisse.
1523 3758 1590 3767 —-

471 3800 549 3853 ad
584 3799 1035 3869 depuynandum]
1083 3817 1206 3852 zum
1247 3798 1591 3853 entschei-

473 3870 933 3939 dendenKamp
936 3869 1587 3941 fe.—-nonsitmir.fut.]

470 3941 640 3996 11111111.
680 3940 803 3996 dass
840 3957 900 3994 er
896 3889 1123 4010 Ρε116316,
1163 3940 1412 3995 weshalb
1444 3941 1589 3994 auch

473 4013 688 4067 schwer
706 4031 772 4066 zu
793 4014 1033 4080 ertatem
1054 4027 1166 4065 wer
1176 4013 1366 4081 siegen
1378 4012 1585 4066 wfirde.

472 4113 539 4122 -—
570 4085 869 4138 etiamsi—
888 4084 1312 4164 interfuturum]
1352 4082 1465 4152 vgl.
1496 4082 1586 4136 die

472 4153 778 4207 ahnlichen
822 4154 1014 4209 Worte
1060 4154 1120 4207 in
1166 4155 1264 4208 der
1310 4155 1454 4208 oben
1495 4154 1585 4207 Br.

477 4226 558 4274 15.
598 4230 629 4276 3
669 4224 1036 4292 angefuhrten
1076 4224 1248 4279 Stelle
1296 4242 1395 4279 aus
1434 4225 1586 4279 Fam.

474 4290 540 4345 V.
581 4299 663 4346 21.
703 4324 770 4334 —
807 4296 951 4349 inter
999 4297 1216 4366 causas]
1274 4295 1376 4350 Die
1424 4296 1582 4350 Pom·

476 4360 707 4429 pejaner
764 4364 993 4418 wollten
1048 4366 1138 4419 fiir
1194 4367 1283 4420 die
1339 4366 1590 4420 Freiheit

1701 3089 1820 3156 (der
1854 3086 2060 3153 Plural‚
2100 3087 2229 3141 weil
2259 3085 2429 3140 Casar
2467 3085 2651 3140 selbst
2686 3085 2823 3140 mild

1699 3175 1834 3222 war,
1863 3158 2015 3212 seine
2034 3156 2221 3210 Partei
2250 3158 2383 3211 aber
2410 3156 2510 3211 ihn
2532 3174 2599 3210 zu
2623 3159 2825 3212 hai-ten

1701 3228 2039 3297 Massregeln
2092 3228 2289 3295 trieb),
2346 3229 2518 3283 attero
2564 3227 2678 3283 den
2728 3226 2825 3281 Cn.

1700 3299 2025 3368 Pompejus,
2081 3299 2188 3352 den
2234 3299 2475 3354 altesten
2524 3299 2681 3354 Sohn
2729 3300 2826 3353 des

1698 3369 2028 3425 Triumvirn.
2104 3370 2493 3435 Hingewiesen
2548 3370 2693 3425 wird
2732 3371 2826 3423 da-

1701 3441 1795 3496 bei
1837 3442 1937 3495 auf
1968 3442 2122 3495 Fam.
2160 3440 2276 3494 XV.
2320 3447 2401 3496 19.
2443 3447 2501 3494 4:
2556 3443 2709 3496 malo
2745 3458 2826 3495 ve-

1701 3519 1862 3568 terem
1896 3518 1946 3567 et
1974 3514 2274 3567 clementem
2300 3513 2584 3567 dominum
2611 3513 2828 3578 habere,

1701 3601 1864 3653 quam
1913 3600 2111 3638 novum
2155 3588 2205 3637 et
2250 3584 2518 3638 crudelem
2561 3585 2826 3652 experiri.

1701 3655 1838 3723 Scis,
1879 3655 2103 3710 Gnaeus
2129 3671 2292 3723 qua-m
2327 3655 2402 3708 sit
2437 3654 2635 3721 fatuus
2645 3676 2668 3722 ‚·
2702 3656 2831 3718 scis,

1700 3743 1853 3794 quom
1861 3727 1963 3781 odo
1989 3726 2359 3780 crudelitatem
2376 3727 2635 3780 virtutem
2649 3730 2830 3794 putet.

1697 3798 1919 3851 Andere
1976 3797 2271 3851 versteheu
2327 3795 2599 3865 richtiger
2660 3799 2832 3850 unter

1698 3869 1895 3923 alteros
1919 3867 2010 3922 die
2030 3866 2414 3936 Pompejaner,
2445 3867 2622 3921 deren
2640 3867 2833 3922 Rach-

1698 3939 1861 3993 sucht
1894 3938 2087 3994 Cicero
2127 3938 2385 3992 erfahren
2422 3941 2487 4007 (s.
2517 3937 2670 3992 Einl.
2703 3958 2753 3992 z.
2782 3936 2833 3990 J.

1697 4016 1765 4065 48
1793 4010 1907 4064 und
1935 4011 2079 4063 oben
2106 4008 2195 4063 Br.
2229 4014 2312 4063 15.
2342 4010 2415 4077 3),
2455 4010 2623 4063 unter
2653 4011 2836 4064 altero

1697 4081 1890 4151 C'asar‚
1943 4097 2052 4135 von
2099 4081 2227 4133 dem
2273 4095 2405 4133 man
2452 4080 2723 4161 glaubte,
2776 4096 2839 4134 er

1693 4153 1883 4207 wfirde
1939 4152 2114 4207 durch
2168 4151 2278 4205 den
2332 4150 2536 4220 langen
2594 4150 2838 4206 Wider-

1695 4225 1861 4278 stand
1898 4223 2156 4277 erbittert
2193 4223 2328 4278 sein.

1766 4300 1816 4349 2.
1863 4299 2084 4364 praeter
2135 4295 2313 4362 illam]
2369 4311 2412 4348 s.
2460 4293 2513 4348 d.
2561 4309 2687 4348 vor.
2738 4294 2840 4346 ΒΥ.

1696 4371 1804 4431 §3-
1846 4381 2278 4420 -neeeseew
2317 4381 2386 4420 m.
2425 4365 2664 4436 malum]
2706 4363 2835 4435 vgl.

2948 3764 2954 3815 l
