3000 4917
1251 206 1532 263 TULLIA.
2465 209 2557 276 39

204 372 277 437 de
323 394 396 437 re
444 372 709 456 publica
752 371 959 455 capio,
1004 369 1231 435 domus
1275 371 1410 436 iam
1455 371 1776 436 consolari
1820 375 2042 457 potest
2084 393 2205 438 nec
2250 373 2557 440 domesti-

203 483 350 526 cum
395 482 502 525 res
549 459 829 545 publica.

379 548 527 625 Quo
573 549 786 634 magis
830 550 896 612 te
944 551 1245 630 exspecto
1292 551 1484 634 teque
1529 549 1745 614 videre
1792 570 1989 633 quam
2033 550 2316 633 primum
2360 552 2550 635 cupio
2587 555 2631 620 3

203 674 287 687 -—
331 639 550 703 maius
595 638 755 702 mihi
802 637 1112 702 solacium
1158 636 1407 701 adferre
1452 637 1623 704 ratio
1669 637 1852 702 nulla
1893 640 2113 721 potest
2158 661 2356 723 quam
2401 661 2552 705 con·

202 728 447 793 iunctio
497 725 975 794 consuetudinis
1024 747 1520 810 sermonumque
1564 729 1937 792 nostrorum
1986 755 2100 809 -ς
2156 750 2553 813 quamquam

203 817 552 900 sperabam
603 819 790 880 tuum
853 816 1201 880 adventum
1256 851 1340 861 —
1399 816 1493 881 sic
1550 815 1722 879 enim
1777 815 2120 882 audiebam
2180 852 2255 865 --
2316 839 2553 901 appro-

203 906 537 990 pinquare.
625 903 772 989 Ego
829 908 1047 969 autem
1101 925 1249 969 cum
1303 905 1527 969 multis
1575 903 1652 968 de
1699 906 1909 969 causis
1957 911 2022 970 te
2068 909 2307 990 exopto
2356 928 2552 990 quam

203 995 482 1079 primum
538 993 782 1077 videre,
835 998 977 1058 tum
1031 993 1255 1076 etiam,
1310 997 1385 1058 ut
1439 997 1594 1057 ante
1646 998 2156 1060 commentemur
2197 994 2367 1059 inter
2411 1017 2550 1078 nos,

206 1104 329 1166 qua
365 1083 621 1148 ratione
657 1082 846 1148 nobis
883 1081 1348 1146 traducendum
1387 1082 1474 1146 sit
1510 1082 1634 1147 hoc
1670 1086 1948 1167 tempus,
1993 1083 2163 1169 quod
2201 1086 2302 1148 est
2336 1086 2550 1149 totum

206 1172 283 1235 ad
318 1173 517 1237 unius
554 1172 957 1237 voluntatem
995 1170 1610 1236 accommodandum
1658 1174 1725 1235 et
1766 1172 2101 1255 prudentis
2149 1178 2216 1238 et
2259 1171 2548 1238 liberalis

205 1265 293 1339 et,
351 1264 427 1325 ut
469 1261 877 1344 perspexisse
923 1259 1172 1344 videor,
1223 1280 1343 1324 nec
1389 1282 1428 1323 a
1474 1281 1579 1325 me
1626 1260 1823 1325 alieni
1870 1264 1937 1325 et
1978 1262 2105 1327 tibi
2150 1261 2550 1328 amicissimi.

206 1348 386 1425 Quod
435 1371 585 1415 cum
630 1349 725 1414 ita
771 1350 875 1431 sit,
920 1355 1210 1433 magnae
1232 1352 1451 1414 tamen
1490 1352 1592 1413 est
1631 1348 2133 1435 deliberationis,
2179 1372 2343 1435 quae
2377 1351 2547 1416 ratio

207 1439 288 1502 sit
337 1438 624 1504 ineunda
678 1438 893 1521 nobis,
947 1459 1080 1503 non
1136 1437 1373 1522 agendi
1418 1437 1690 1522 aliquid,
1744 1438 1858 1504 sed
1907 1439 2083 1504 illius
2130 1461 2438 1505 concessu
2485 1443 2553 1504 et

202 1525 514 1593 beneficio
563 1526 948 1612 quiescendi.
1039 1525 1226 1594 Vale.

1087 1757 1447 1823 Ems'rtJLA
1489 1755 1665 1823 XIV.

1117 1879 1228 1947 (Ad
1255 1878 1389 1935 iam.
1418 1878 1485 1935 v.
1520 1881 1627 1948 13.)

762 2003 836 2060 M.
876 2001 1137 2059 CICERO
1178 2002 1232 2057 S.
1271 2003 1339 2057 D.
1376 2002 1439 2060 L.
1475 2002 1788 2059 LUCCEIO
1828 2002 1890 2070 Q.
1930 2002 1991 2059 F.

377 2132 790 2216 Quamquam
826 2131 973 2215 ipsa
1008 2130 1371 2196 consolatio
1409 2132 1777 2196 litterarum
1814 2136 2072 2196 tuarum
2114 2132 2276 2197 mihi
2312 2133 2548 2217 gratis·
2588 2135 2625 2199 1

213 2220 366 2284 sima
401 2225 503 2286 est
545 2256 630 2266 —-·
670 2219 959 2285 declarat
996 2220 1167 2285 enim
1205 2242 1530 2285 summam
1575 2220 2091 2285 benevolentiam
2138 2221 2550 2288 coniunctam

210 2310 344 2392 pari
405 2309 751 2394 prudentia
823 2346 897 2355 —
914 2359 932 2392 ‚
995 2312 1215 2373 tamen
1277 2309 1464 2373 illum
1528 2308 1809 2374 fructum
1874 2331 1952 2373 ex
2015 2310 2099 2373 iis
2156 2309 2390 2375 litteris
2446 2312 2550 2375 vel

212 2399 554 2464 maximum
602 2397 762 2482 cepi,
809 2397 979 2481 quod
1024 2402 1092 2462 te
1137 2396 1467 2482 praeclare
1513 2418 1618 2462 res
1662 2398 1980 2463 humanas
2026 2402 2550 2463 contemnentem

212 2490 271 2549 et
334 2488 580 2571 optime
654 2489 881 2552 contra
952 2486 1282 2552 fortunam
1355 2488 1659 2571 paratum
1724 2489 2171 2570 armatumque
2244 2487 2549 2572 cognovi3

213 2596 394 2659 quam
450 2576 709 2662 quidem
768 2574 1026 2640 laudem
1082 2575 1435 2658 sapientiae
1483 2578 1749 2639 autumo
1798 2596 1936 2639 esse
1982 2574 2361 2659 maximam,
2414 2597 2551 2640 non

213 2663 457 2731 aliunde
522 2664 799 2750 pendere
860 2685 979 2729 nec
1044 2664 1441 2728 extrinsecus
1498 2666 1614 2726 aut
1664 2664 1829 2727 bene
1885 2667 1999 2728 aut
2053 2664 2224 2728 male
2287 2664 2547 2729 vivendi

216 2772 554 2837 suspensas
619 2753 858 2819 habere
920 2753 1226 2818 rationes.
1335 2751 1514 2828 Quae
1589 2751 1899 2837 cogitatio
1965 2773 2111 2817 cum
2184 2753 2346 2818 mihi
2416 2775 2549 2818 non
2582 2755 2627 2820 2

212 2942 311 2998 den
370 2944 890 3015 Staatsgeschaften
960 2944 1320 2999 bekfimmert
1427 2944 1755 3014 obgelegen.
1802 2943 1887 2999 Im
1914 2945 1950 2999 J
1951 2945 2085 2999 ahre
2115 2950 2183 3000 56
2212 2961 2329 3000 war
2355 2961 2417 2999 er
2442 2945 2550 2999 mit

214 3012 517 3073 flfichtete'.
559 3047 627 3058 —
665 3018 731 3073 de
765 3033 824 3072 re
853 3016 1036 3088 publ]
1081 3034 1123 3071 s.
1163 3035 1209 3072 ι.
1246 3014 1316 3070 II.
1427 3015 1613 3069 einem
1666 3016 1874 3070 Werke
1927 3016 2068 3070 iiber
2121 3014 2215 3072 die
2268 3017 2546 3072 romische

215 3089 293 3140 2⁷.
327 3092 376 3141 2.
1427 3080 1772 3142 Geschichte'
1812 3086 2180 3156 beschaftigt‚
2245 3087 2373 3156 das,
2438 3088 2547 3143 wie

276 3161 323 3209 3.
360 3159 675 3231 adventum]
705 3175 806 3213 aus
832 3157 1023 3225 Asien‚
1060 3159 1135 3213 da
1162 3156 1318 3213 seine
1425 3156 1531 3211 wir
1576 3173 1676 3212 aus
1724 3157 1836 3213 Cic.
1882 3156 2038 3213 Fam.
2084 3158 2155 3214 V.
2206 3164 2271 3212 12
2327 3159 2546 3228 wissen‚

217 3223 727 3286 Statthalterschaft
769 3249 838 3284 ιιι
873 3229 1032 3284 Ende
1067 3244 1201 3285 war.
1249 3259 1317 3269 —
1427 3227 1519 3282 die
1549 3228 1883 3284 Geschichte
1918 3230 2015 3284 des
2050 3230 2394 3285 marsischen
2429 3230 2546 3284 und

215 3303 329 3353 ante
406 3301 581 3357 bevor
634 3301 728 3355 ich
783 3317 885 3355 aus
930 3300 1145 3356 meiner
1187 3299 1318 3355 Ein-
1427 3298 1527 3353 des
1574 3300 1762 3354 ersten
1808 3300 2245 3370 Burgerkrieges
2291 3301 2546 3357 enthielt.

216 3381 323 3422 sam
364 3371 443 3426 eit
467 3372 1066 3441 und‘Zurfickhaltung
1091 3372 1317 3427 hervor-
1426 3371 1727 3439 (Videbam
1745 3372 1946 3436 Italici
1964 3372 2090 3427 belli
2106 3376 2157 3426 et
2174 3372 2354 3426 civilis
2379 3371 2545 3427 histo-

215 3438 365 3509 trete,
409 3460 565 3499 wozu
608 3444 705 3498 ihn
746 3443 1025 3513 Sulpicius
1069 3440 1148 3496 im
1188 3459 1316 3497 vor—
1422 3443 1571 3497 riam
1605 3443 1720 3497 iam
1754 3461 1792 3498 a
1826 3447 1878 3512 te
1899 3458 2075 3513 paene
2099 3458 2209 3497 esse
2229 3442 2546 3510 perfectam,
2636 3449 2639 3452 ’

216 3506 593 3580 hergehenden
646 3513 738 3569 Br.
794 3515 925 3569 teils
977 3513 1167 3568 direkt
1221 3515 1318 3584 (da
1424 3515 1650 3569 dixeras
1685 3520 1865 3569 autem
1899 3514 2062 3582 milti,
2101 3518 2152 3568 te
2186 3514 2427 3582 reliquas
2459 3529 2547 3569 res

212 3584 417 3647 patriae
459 3588 598 3655 eta),
652 3584 783 3640 teile
828 3584 1077 3639 indirekt
1122 3585 1315 3654 aufge-
1422 3585 1645 3652 ordiri.)
1721 3586 1884 3640 Nach
1930 3586 2029 3640 der
2074 3583 2409 3654 Niederlage
2447 3584 2544 3640 des

218 3649 416 3709 fordert
448 3656 625 3713 hatte.
662 3687 736 3697 —
774 3656 932 3727 Quod
959 3673 1081 3711 cwm
1107 3657 1192 3712 ita
1215 3657 1313 3728 sit]
1422 3655 1742 3726 Pompeius,
1780 3656 1979 3711 dessen
2007 3654 2316 3725 Anhanger
2351 3672 2412 3709 er
2441 3671 2544 3779 fie-

218 3720 349 3801 trotz
398 3727 497 3781 der
551 3729 694 3783 eben
744 3728 1162 3797 geschilderten
1210 3725 1316 3783 Ge·
1423 3743 1629 3794 wesen,
1667 3727 1871 3783 erhielt
1897 3745 1959 3783 er
1983 3744 2094 3783 von
2121 3726 2295 3782 Casan·
2321 3725 2413 3781 die
2491 3744 2543 3780 r·

220 3806 445 3866 smnung
481 3799 578 3853 des
613 3797 1030 3854 Machthabers.
1423 3797 1672 3864 laubnis‚
1718 3799 1779 3853 in
1823 3801 1967 3854 Rom
2011 3816 2079 3852 zu
2123 3796 2374 3864 bleiben,
2428 3797 2545 3852 und

282 3862 447 3945 Emer.
476 3869 620 3924 XIV.
664 3871 807 3939 (709.
835 3875 919 3925 46.
951 3869 1150 3939 April.)
1203 3868 1318 3924 Der
1421 3868 1551 3924 liess
1572 3869 1691 3923 sich
1711 3870 1803 3925 die
1822 3870 2226 3939 Veranderung
2245 3869 2342 3924 der
2360 3868 2544 3939 Dinge

221 3927 364 4013 B.¹'¹‘³f
386 3940 602 3996 enthalt
629 3941 721 3995 die
744 3943 1004 3995 Antwort
1031 3942 1132 3994 auf
1154 3940 1316 3995 einen
1423 3939 1505 3993 im
1542 3939 1737 3995 Staate
1774 3939 1952 3995 leicht
1986 3941 2249 4010 gefallen.

222 4006 367 4060 nicht
398 4013 555 4066 mehr
580 4012 976 4067 vorhandenen
1005 4011 1323 4067 Trostbrief
1499 4017 1547 4065 1.
1603 4012 1850 4083 autumo]
1907 4012 2099 4082 haufig
2141 4009 2237 4065 bei
2282 4010 2391 4067 den
2433 4013 2545 4067 Ko-

223 4072 311 4155 dps
335 4076 614 4152 Luceejus.
655 4113 722 4123 —
760 4083 821 4139 L.
850 4082 1120 4151 Luccejus
1156 4082 1317 4139 hatte
1427 4082 1663 4137 mikern.
1728 4068 1880 4138 Uber
1916 4084 2007 4138 die
2039 4081 2372 4154 Bedeutung
2399 4083 2542 4140 Gell.

225 4146 357 4215 sich,
389 4153 659 4208 nachdem
700 4171 760 4209 er
796 4153 919 4208 sich
954 4153 1165 4209 einmal
1197 4171 1318 4209 ver·
1426 4151 1547 4207 XV.
1597 4161 1645 4209 3.
1695 4160 1753 4209 δε
1817 4160 2042 4209 autwmo
2091 4170 2206 4210 non
2256 4155 2320 4209 id
2371 4157 2547 4211 solam

226 4215 417 4282 gebens
443 4242 535 4277 um
574 4227 675 4280 das
702 4224 979 4280 Konsulat
1002 4225 1317 4292 beworben‚
1425 4225 1706 4296 siqnifieat
1752 4225 2078 4293 ‘aestumo',
2129 4226 2221 4281 sed
2265 4230 2316 4280 et
2354 4226 2540 4283 ‘dico'

226 4298 326 4341 von
359 4292 462 4349 den
498 4294 1017 4365 Staatsgeschaften
1060 4297 1181 4350 feru
1221 4312 1317 4365 ge·
1425 4301 1476 4351 et
1516 4295 1771 4367 ‘opinor'
1812 4301 1863 4351 et
1908 4296 2171 4352 ‘cen-800⁹.
2210 4326 2280 4338 —
2315 4313 2414 4352 nec
2443 4339 2455 4352 .
2485 4340 2499 4354 .
2531 4339 2544 4353 .

227 4351 404 4417 halten
471 4368 583 4421 und
648 4367 1022 4423 historischen
1084 4366 1318 4423 Studien
1423 4367 1691 4440 rationes]
1730 4368 1838 4422 den
1876 4364 2088 4436 Cri-und,
2125 4368 2216 4422 die
2251 4366 2443 4422 Mittel
2476 4386 2546 4422 zu
