3000 4917
414 240 543 304 134

1195 240 1327 297 LIB.
1363 239 1433 295 ΙΙ.
1495 238 1718 297 EPIST.
1757 246 1841 295 29.
1881 247 1965 298 30.

1258 421 1617 487 EPISTULA
1663 421 1893 486 XXIX.

1211 626 1220 634 ·
1312 540 1419 610 (Ad
1457 543 1588 599 fam.
1627 542 1746 596 xv.
1785 544 1857 612 5.)

992 648 1068 704 M.
1108 647 1295 703 CATO
1338 648 1390 703 s
1429 647 1495 702 Ι).
1535 649 1608 702 Μ.
1647 647 1991 703 CICERONI
2026 648 2173 703 IMP.

591 758 775 835 Quod
806 762 870 823 et
895 781 999 822 res
1028 759 1288 841 publica
1315 780 1418 822 me
1448 762 1514 822 et
1542 761 1769 823 nostra
1802 758 2090 822 amicitia
2126 758 2443 842 hortatur,
2480 759 2761 824 libenter

411 849 597 932 faci0,
644 852 715 913 ut
761 852 943 914 tuam
980 849 1307 929 virtutem,
1354 847 1808 928 innocentiam,
1854 847 2275 932 diligentiam,
2320 848 2651 932 cognitam
2688 850 2763 914 in

411 938 709 1003 maximis
755 939 947 1002 rebus
994 938 1166 1001 domi
1202 936 1432 1020 togati,
1480 937 1714 1001 armati
1750 936 1909 1000 foris
1947 937 2091 1018 pari
2126 936 2444 1001 industria
2482 936 2759 1002 admini-

416 1028 611 1092 strari
651 1027 994 1113 gaudeam3
1041 1026 1281 1108 itaque,
1327 1023 1496 1108 quod
1543 1046 1661 1108 pro
1706 1046 1851 1090 meo
1899 1025 2135 1090 iudicio
2181 1025 2389 1089 facere
2435 1027 2639 1110 potui,
2684 1030 2762 1090 ut

411 1117 779 1181 innocentia
810 1113 1208 1196 consilioque
1244 1118 1355 1178 tuo
1384 1113 1726 1179 ,defensam
1763 1114 2177 1197 provinciam,
2214 1116 2540 1178 servatum
2570 1115 2759 1180 Ario-

412 1205 709 1270 barzanis
740 1226 884 1268 cum
914 1204 1057 1286 ipso
1086 1222 1242 1284 rege
1270 1223 1563 1286 regnum,
1601 1202 1921 1274 sociorum
1949 1207 2314 1267 revocatam
2347 1202 2427 1268 ad
2466 1204 2759 1269 studium

411 1293 672 1378 imperii
716 1291 929 1356 nostri
973 1291 1373 1355 voluntatem
1424 1293 1746 1355 sententia
1792 1314 1937 1356 mea
1981 1294 2047 1355 et
2093 1291 2349 1356 decreto
2405 1291 2761 1375 laudarem,

348 1384 391 1447 2
414 1383 553 1446 feci.
629 1379 1179 1464 supplicationem
1227 1379 1568 1457 decretam,
1616 1381 1671 1443 si
1715 1383 1806 1464 tn,
1853 1403 1981 1465 qua
2024 1380 2092 1444 in
2137 1401 2206 1443 re
2250 1379 2414 1444 nihil
2460 1380 2761 1468 fortuitO,

412 1470 520 1535 sed
579 1491 834 1534 summa
886 1473 1001 1533 tua
1055 1468 1307 1534 ratione
1365 1472 1430 1532 et
1485 1469 1888 1534 continentia
1940 1469 2037 1533 rei
2080 1469 2379 1553 publicae
2424 1471 2761 1553 provisum

412 1561 527 1642 est,
574 1558 671 1622 dis
718 1557 1188 1623 immortalibus
1236 1558 1554 1643 gratulari
1594 1580 1715 1622 nos
1754 1580 1946 1642 quam
1982 1558 2108 1622 tibi
2143 1559 2383 1622 referre
2422 1563 2761 1643 acceptum

410 1647 636 1729 maviS,
675 1647 951 1731 gaudeo:
990 1646 1157 1730 quod
1198 1647 1253 1710 si
1289 1646 1605 1730 triumphi
1643 1648 2164 1731 praerogativam
2202 1649 2398 1730 putas
2438 1649 2761 1733 supplica-

408 1737 653 1801 tionem
701 1740 766 1801 et
810 1736 1047 1801 idcirco
1095 1757 1315 1799 casum
1361 1739 1579 1820 potius
1627 1758 1820 1821 quam
1865 1739 1931 1800 te
1978 1736 2227 1800 laudari
2272 1735 2499 1815 maviS,
2550 1759 2760 1821 neque

411 1826 950 1909 supplicationem
1000 1825 1292 1908 sequitur
1339 1846 1591 1908 semper
1634 1824 2002 1908 triumphus
2052 1827 2117 1888 et
2169 1825 2499 1908 triumpho
2547 1828 2760 1892 multo

409 1914 644 1979 clarius
693 1920 793 1979 est
840 1917 1140 1977 senatum
1176 1913 1457 1977 iudicare
1493 1913 1711 1997 potius
1749 1913 2243 1978 mansuetudine
2281 1917 2346 1977 et
2381 1914 2760 1981 innocentia

406 2003 818 2088 imperatoris
859 2003 1264 2086 provinciam
1314 2024 1508 2086 quam
1555 2002 1619 2067 vi
1665 2002 1947 2067 militum
1996 2005 2109 2067 aut
2155 2002 2564 2086 benignitate
2613 2005 2759 2069 deo-

408 2113 552 2155 rum
597 2095 916 2155 retentam
958 2095 1150 2174 atque
1190 2096 1634 2155 conservatam
1675 2113 1831 2173 esse,
1878 2092 2050 2176 quod
2089 2111 2210 2176 ego
2247 2113 2392 2155 mea
2431 2095 2760 2158 sententia

349 2182 389 2244 3
416 2181 774 2245 censebam.
838 2179 1053 2264 Atque
1089 2179 1247 2243 haec
1287 2199 1407 2264 ego
1446 2180 1684 2245 idcirco
1724 2180 1806 2245 ad
1843 2184 1909 2244 te
1947 2183 2176 2244 contra
2222 2183 2758 2246 consuetudinem

406 2291 617 2333 meam
663 2268 960 2354 pluribus
1010 2269 1268 2352 scripsi,
1323 2274 1424 2352 ut,
1479 2269 1649 2353 quod
1699 2269 1978 2333 maxime
2035 2270 2212 2352 volo,
2268 2270 2596 2334 existimes
2653 2293 2758 2335 me

315 2394 326 2403 „
405 2358 722 2442 laborare,
766 2362 842 2422 ut
886 2357 1011 2421 tibi
1057 2358 1479 2440 persuadeam
1526 2380 1630 2422 me
1677 2362 1740 2422 et
1786 2357 2068 2421 voluisse
2115 2358 2191 2421 de
2236 2362 2353 2423 tua
2390 2359 2738 2424 maiestate

2741 2412 2759 2443 ²

406 2448 575 2532 quod
614 2449 1088 2531 amplissimum
1129 2446 1253 2511 sim
1293 2448 1667 2531 arbitratus,
1709 2451 1792 2530 et,
1839 2446 2011 2530 quod
2047 2449 2120 2510 tu
2159 2448 2469 2531 maluisti,
2505 2446 2755 2513 factum

405 2559 547 2601 esse
595 2538 895 2620 gaudere.
980 2534 1144 2600 Vale
1192 2539 1258 2599 et
1302 2558 1418 2601 nos
1467 2535 1661 2620 dilige
1707 2539 1772 2599 et
1816 2535 2121 2600 instituto
2167 2535 2401 2600 itinere
2448 2539 2752 2601 severita-

403 2630 538 2691 tem
586 2626 1114 2713 diligentiamque
1163 2625 1354 2689 sociis
1401 2627 1466 2689 et
1514 2625 1608 2688 rei
1651 2624 1951 2709 publicae
1997 2628 2277 2708 praesta.

473 2783 649 2836 Erxsr.
705 2782 903 2838 XXIX.
970 2783 1117 2850 (⁷04.
1174 2782 1281 2850 50.)

401 2853 595 2923 Sieger
632 2853 708 2906 im
739 2855 986 2906 Amanus
1021 2852 1211 2906 wurde
1248 2851 1327 2906 im
1356 2850 1519 2922 April

400 2929 469 2977 50
526 2924 626 2977 das
679 2924 1041 2991 gewiinschte
1091 2923 1369 2978 Dankfest
1422 2924 1521 2978 be-

398 2992 623 3062 willigt.
707 2993 863 3059 Catn,
923 2994 1024 3048 der
1077 2995 1228 3049 seine
1284 2994 1519 3049 Stimme

397 3063 556 3119 nicht
583 3064 745 3118 dafiir
779 3064 1109 3133 abgegeben
1146 3066 1321 3133 hatte,
1358 3066 1520 3120 teilte

397 3134 459 3187 in
480 3133 692 3189 diesem
713 3133 896 3188 Briefe
929 3136 1020 3190 die
1041 3137 1266 3191 Gri‘inde
1284 3137 1405 3202 mit,
1430 3137 1521 3190 die

399 3207 499 3260 ihn
547 3205 641 3261 bei
694 3207 903 3261 seinem
955 3206 1214 3261 Handeln
1270 3207 1518 3277 geleitet.

399 3277 514 3331 Der
568 3276 729 3332 Brief
778 3279 904 3358 sagt
959 3277 1064 3331 mit
1108 3279 1207 3331 der
1269 3277 1522 3348 grofsten

399 3347 658 3404 Feinheit
695 3348 785 3403 die
815 3349 1113 3404 bittersten
1131 3347 1519 3405 Wahrheiten.

476 3428 522 3476 1.
566 3420 724 3491 Quod
761 3451 829 3460 —
866 3437 948 3475 me
977 3451 1043 3461 —
1081 3421 1357 3492 hortatur]
1398 3422 1519 3475 Den

398 3492 706 3562 doppelten
733 3491 1037 3545 Accusativ
1074 3492 1165 3545 bei
1192 3492 1379 3546 hortor
1405 3492 1519 3545 und

399 3565 649 3617 anderen
689 3561 909 3617 Verben
945 3561 1084 3615 lasst
1118 3563 1218 3615 der
1245 3561 1384 3617 freie
1414 3563 1520 3617 Ge-

1375 2782 1517 2835 Dem

400 3635 614 3688 brauch
654 3633 752 3688 des
789 3634 921 3687 Ace.
962 3632 1061 3687 des
1089 3631 1393 3688 Neutrums
1423 3634 1524 3688 der

397 3703 735 3760 Pronomina
762 3723 847 3759 zu.
882 3735 949 3744 —
979 3705 1390 3776 administrari]
1425 3705 1521 3758 ad-

397 3776 721 3831 ministrare
771 3801 838 3821 =
878 3776 1209 3845 bethc'itiyen,
1251 3779 1431 3829 woffir
1477 3775 1520 3831 Ι.

401 3853 482 3901 18.
525 3853 620 3903 28:
661 3865 983 3915 expromere.
1051 3849 1297 3918 (Andere
1324 3846 1525 3902 Lesart

395 3921 792 3975 administrare
838 3919 982 3973 ohne
1031 3917 1239 3987 Objekt
1286 3945 1351 3965 =
1397 3923 1522 3973 wir—

397 3990 526 4058 ken‚
566 3991 814 4059 walten.)
843 4020 911 4029 —
947 3991 1146 4062 Togati
1174 3989 1288 4043 und
1317 3991 1522 4045 armati

398 4060 524 4113 sind
569 4059 905 4131 Apposition
959 4078 1027 4114 zu
1083 4062 1210 4115 dem
1258 4063 1316 4114 in
1364 4067 1518 4116 tuam

395 4130 695 4200 liegenden
760 4132 988 4186 Genitiv
1053 4133 1150 4186 des
1205 4131 1519 4186 Pronomen

395 4216 542 4269 pers.
590 4232 656 4241 —
699 4219 804 4273 pro
856 4219 971 4257 meo
1015 4204 1248 4274 indicio]
1306 4202 1520 4258 meiner

415 4257 849 4341 Uberzengung,
895 4274 1136 4328 meinem
1163 4273 1379 4329 Urteile
1424 4291 1519 4344 ge·

395 4340 557 4395 mass.
623 4371 688 4380 ——
757 4344 998 4414 decreto]
1063 4345 1169 4399 wie
1240 4346 1521 4401 decernere

397 4429 509 4464 von
546 4410 832 4465 einzelnen
864 4413 1170 4467 Senatoren
1206 4417 1521 4484 gebraucht

1626 2779 1818 2834 heisst:
1886 2778 1976 2833 ffir
2031 2782 2204 2836 etwas
2269 2780 2556 2850 stimmen,
2612 2784 2754 2837 statt

1625 2868 1834 2905 censere
1872 2852 2005 2921 (vgl.
2044 2851 2113 2905 11.
2156 2858 2238 2907 11.
2270 2857 2342 2922 6),
2382 2870 2444 2907 so
2480 2855 2752 2909 decretum

1627 2922 1719 3047 gie
1765 2921 2190 2993 Abstimmung,
2238 2924 2339 2979 das
2386 2925 2746 2995 abgegebene

1682 2997 1853 3048 otum.

1700 3070 1750 3118 2.
1788 3065 1935 3119 nihil
1967 3066 2198 3131 fortuito
2263 3083 2331 3119 zu
2365 3067 2513 3120 nihil
2545 3068 2624 3120 ist
2659 3067 2748 3121 ein

1629 3135 1994 3205 allgemeiner
2029 3135 2198 3205 Begri
2242 3178 2261 3206 ,
2295 3139 2507 3204 factum
2548 3144 2644 3205 est,
2681 3157 2747 3192 zu

1629 3212 1919 3276 erganzen.
1961 3237 2029 3246 —
2064 3209 2368 3280 yratulari]
2407 3207 2580 3263 heisst
2607 3210 2749 3263 auch

1627 3278 1801 3332 Dank
1836 3294 2002 3347 sayen
2038 3279 2100 3348 (e.
2141 3297 2185 3332 z.
2225 3279 2293 3335 ΙΙ.
2337 3284 2420 3333 11.
2453 3282 2523 3348 1),
2553 3281 2748 3334 beson-

1629 3348 1756 3402 ders
1811 3367 1972 3403 wenn
2027 3364 2138 3403 von
2185 3351 2368 3404 einem
2418 3349 2746 3405 feierlichen

1627 3418 1934 3474 Dankfeste
1972 3418 2064 3473 die
2099 3419 2254 3475 Rede
2289 3421 2393 3485 ist,
2432 3421 2533 3475 das
2571 3423 2746 3476 selbst

1624 3492 1929 3561 gratulatio
1971 3489 2165 3558 heisst3
2212 3491 2325 3560 vgl.
2363 3490 2457 3547 IV.
2497 3500 2547 3547 6.
2586 3499 2638 3548 3.
2678 3523 2742 3532 —-

1625 3563 1834 3629 referre
1870 3561 2007 3632 ace]
2045 3562 2213 3617 naml.
2242 3565 2361 3630 das,
2401 3581 2516 3617 was
2546 3564 2622 3618 du
2650 3581 2747 3633 ge-

1629 3634 1785 3687 than.
1833 3663 1900 3673 -
1948 3635 2216 3703 triumphi
2267 3651 2448 3703 praer.
2488 3635 2576 3705 μ]
2616 3636 2745 3689 Dies

1628 3703 1732 3757 hat
1751 3702 1863 3759 Cic.
1892 3703 2198 3774 allerdings
2225 3705 2284 3759 in
2313 3705 2501 3760 seinen
2520 3705 2744 3761 Briefen

1629 3775 1788 3829 nicht
1832 3774 2225 3830 ausdrficklich
2275 3779 2496 3847 gesagt‚
2542 3778 2648 3832 wie
2687 3794 2745 3831 er

1630 3846 1721 3899 die
1741 3844 2073 3899 Ausdrficke
2099 3847 2437 3917 supplicatio
2464 3865 2518 3904 u.
2550 3851 2741 3904 trium·

1619 3918 1770 3986 phas
1795 3916 2117 3986 uberhaupt
2142 3918 2201 3972 in
2231 3917 2341 3972 den
2370 3919 2570 3973 beiden
2592 3920 2741 3974 Brie·

1626 3988 1723 4043 fen
1759 4005 1832 4041 an
1871 3987 2011 4042 Cato
2047 3990 2275 4043 meidet.
2305 4020 2373 4030 —
2401 3990 2594 4062 neque]
2633 3992 2743 4045 An-

1625 4060 1763 4129 fang
1792 4059 1889 4113 des
1916 4057 2278 4127 Nachsatzes,
2307 4077 2402 4128 „so
2430 4062 2646 4116 wisse“.
2678 4092 2742 4100 —

1626 4130 1924 4202 censebam]
1953 4129 2033 4184 im
2054 4129 2259 4185 Senate
2287 4132 2371 4185 als
2399 4131 2580 4186 meine
2602 4131 2738 4186 Mei·

1625 4218 1782 4271 nung
1815 4203 2277 4272 ausgesprochen.

1697 4280 1747 4329 3.
1786 4275 1931 4341 quod
1959 4274 2151 4346 ampl.]
2182 4274 2272 4329 die
2300 4273 2618 4343 Erklarung
2646 4272 2745 4328 des

1629 4343 1861 4398 Senates
1889 4350 1918 4409 §
1939 4349 1997 4398 2:
2025 4351 2273 4399 senatum
2291 4346 2541 4400 iudicare
2558 4351 2652 4399 etc.
2675 4375 2743 4385 —

1625 4415 1983 4486 severitatem]
2038 4420 2263 4487 strenge
2310 4415 2742 4473 Rechtlichkeit.
