3000 4917
1125 218 1202 275 M.
1239 218 1547 275 TULLIUS
1585 216 1776 273 TIRO.
2531 216 2614 281 81

264 384 561 465 teneret,
635 385 702 446 et
766 379 958 447 Curio
1025 404 1203 447 meus
1269 382 1453 447 illum
1518 381 1852 447 incitabat.
1958 375 2286 445 Antonius
2357 381 2616 465 quidem

269 474 499 536 noster
571 474 638 535 ct
702 468 774 545 Q.
840 467 1130 554 Cassius,
1205 471 1384 535 nulla
1448 471 1514 535 vi
1580 470 1857 554 expulsi,
1922 468 2001 534 ad
2067 467 2407 535 Caesarem
2473 491 2617 535 cum

273 558 557 626 Curione
610 559 887 643 profecti
942 562 1154 638 erant,
1208 563 1632 644 posteaquam
1679 561 1939 623 senatus
1987 558 2377 642 consulibua,
2433 581 2618 643 prae-

261 647 563 731 toribus,
617 647 898 712 tribunis
944 648 1031 731 pl.
1079 652 1145 713 et
1186 648 1403 731 nobis,
1459 648 1569 732 qui
1613 669 1733 732 pro
1780 669 1940 712 coss,
1988 668 2234 730 sumus,
2280 649 2617 732 negotium

277 736 564 820 dederat,
610 739 683 801 ut
726 757 1111 820 curaremus,
1155 758 1236 801 ne
1285 736 1439 821 quid
1486 759 1590 801 res
1635 737 1897 819 publica
1933 734 2303 800 detrimenti
2342 740 2618 820 caperet.

270 823 623 910 Nunquam
688 825 929 890 maiore
993 826 1060 889 in
1113 826 1400 911 periculo
1457 825 1687 889 civitas
1743 823 1894 908 fuit3
1957 845 2284 908 nunquam
2336 825 2615 909 improbi
2636 828 2677 893 3

261 914 445 979 cives
500 913 869 978 habuerunt
922 915 1314 998 paratiorem
1370 914 1613 981 ducem.
1717 911 1998 980 Omnino
2056 933 2134 976 ex
2186 912 2310 977 hac
2362 936 2613 998 quoque

272 1005 458 1086 parte
512 1002 1009 1087 diligentissime
1064 1006 1511 1087 comparatur:
1572 1002 1637 1066 id
1692 1001 1769 1066 fit
1824 1000 2212 1066 auctoritate
2277 1005 2343 1066 et
2397 1003 2612 1068 studio

277 1090 576 1174 Pompeii
620 1091 849 1175 nostri,
897 1090 1007 1176 qui
1045 1088 1387 1157 Caesarem
1434 1112 1577 1156 sero
1626 1091 1838 1174 coepit
1878 1090 2122 1155 timere.
2194 1089 2404 1155 Nobis
2443 1092 2615 1156 inter

274 1178 395 1244 has
441 1180 667 1244 turbas
716 1183 980 1245 senatus
1025 1183 1250 1246 tamen
1295 1180 1598 1265 frequens
1644 1179 1963 1264 flagitavit
2011 1179 2440 1265 triumphum3
2501 1180 2614 1245 sed

273 1266 593 1332 Lentulus
649 1269 872 1333 consul
882 1317 901 1350 ,
962 1291 1089 1354 quo
1145 1269 1353 1334 maius
1410 1291 1600 1333 suum
1650 1268 2032 1332 beneficium
2087 1266 2353 1354 faceret,
2421 1270 2616 1335 simul

277 1359 472 1442 atque
527 1357 920 1441 expedisset,
972 1378 1136 1442 quae
1193 1362 1410 1423 essent
1464 1356 1827 1422 necessaria
1878 1357 1954 1421 de
2000 1377 2068 1420 re
2115 1356 2398 1442 publica,
2457 1358 2618 1424 dixit

272 1467 348 1509 *se
394 1444 765 1511 relaturum.
838 1443 979 1510 Nos
1017 1447 1271 1531 agimus
1309 1446 1474 1511 nihil
1510 1446 1738 1529 cupide
1776 1465 1977 1530 eoque
2015 1448 2115 1510 est
2149 1449 2375 1511 nostra
2411 1448 2617 1531 pluris

271 1534 649 1599 auctoritas.
745 1534 977 1599 Italiae
1040 1536 1335 1620 regiones
1409 1534 1769 1618 descriptae
1834 1537 2010 1618 sunt,
2085 1555 2281 1617 quam
2346 1536 2618 1621 quisque

271 1628 528 1706 partem
585 1626 892 1688 tueretur.
998 1621 1138 1688 Nos
1203 1622 1491 1709 Capuam
1558 1623 1968 1706 sumpsimus.
2079 1621 2260 1688 Haec
2325 1628 2389 1688 te
2455 1626 2618 1690 scire

277 1711 477 1777 volui.
567 1711 668 1776 Τιι
725 1712 924 1776 etiam
980 1715 1171 1797 atque
1227 1713 1423 1777 etiam
1470 1734 1650 1795 cura,
1705 1715 1779 1776 ut
1831 1712 2045 1777 valeas
2100 1712 2476 1798 litterasque
2537 1714 2617 1778 ad

274 1821 376 1864 me
436 1800 691 1883 mittas,
754 1801 1301 1886 quotienscunque
1365 1800 1667 1883 habebis,
1732 1801 1835 1865 cui
1900 1800 2031 1865 deS.
2140 1799 2362 1866 Etiam
2422 1805 2614 1887 atque

277 1889 478 1954 etiam
526 1888 691 1955 vale.
780 1888 859 1953 D.
906 1912 998 1973 pr.
1046 1889 1195 1953 Idus
1242 1889 1377 1954 Ian.

1154 2101 1508 2168 EPISTULA
1553 2100 1753 2166 XXX.

1154 2223 1262 2292 (Ad
1290 2223 1423 2279 fam.
1453 2222 1599 2280 XVI.
1632 2226 1738 2291 12.)

950 2346 1254 2403 TULLIUS
1295 2347 1349 2405 S.
1387 2349 1454 2403 D.
1495 2345 1754 2402 TIRONI
1793 2345 1945 2403 SUO.

454 2456 595 2532 Quo
642 2457 709 2521 in
750 2458 1116 2523 discrimine
1152 2462 1444 2523 versetur
1482 2458 1655 2522 salus
1692 2479 1837 2522 mea
1875 2461 1939 2521 et
1975 2456 2293 2522 bonorum
2331 2460 2616 2524 omnium
2646 2463 2678 2525 1

274 2550 465 2632 atque
522 2545 859 2611 universae
915 2548 1007 2611 rei
1063 2547 1392 2630 publicae,
1447 2569 1527 2610 ex
1573 2568 1648 2610 eo
1697 2547 1857 2609 scire
1903 2550 2118 2629 potes,
2173 2546 2340 2630 quod
2389 2547 2614 2614 domos

273 2642 530 2700 nostras
588 2638 653 2699 et
704 2636 985 2718 patriam
1041 2635 1252 2718 ipsam
1304 2635 1410 2699 vel
1466 2633 1896 2719 diripiendam
1942 2634 2042 2697 vel
2089 2634 2616 2701 inflammandam

276 2724 675 2809 reliquimus
767 2723 843 2788 In
892 2746 1037 2788 eum
1082 2724 1296 2788 locum
1345 2728 1443 2787 est
1490 2723 1765 2788 deducta
1810 2744 1914 2786 res
1925 2772 1943 2806 ,
1994 2726 2084 2807 ut,
2130 2723 2259 2787 nisi
2305 2724 2415 2808 qui
2463 2725 2616 2790 deus
2674 2770 2689 2791 ι

274 2898 470 2969 Curio]
511 2916 554 2953 s.
592 2896 713 2953 Lib.
749 2899 821 2953 11.
860 2900 1044 2954 Cumo.
1120 2896 1387 2952 Derselbe
1568 2903 1617 2951 3.
1656 2913 1722 2952 ex
1747 2897 1851 2951 hac
1869 2897 2057 2978 purte]
2087 2914 2198 2952 von
2218 2916 2447 2954 unserer
2467 2898 2619 2956 Seite

271 2971 432 3024 hatte
490 2969 610 3023 sich
667 2970 732 3037 (s.
779 2969 920 3023 Einl
967 2988 1010 3024 z.
1048 2968 1099 3023 J.
1138 2972 1265 3039 704)
1321 2985 1387 3022 zu
1496 2971 1678 3029 rustet
1713 2984 1846 3022 man
1881 2965 2016 3023 sich.
2049 3000 2116 3009 —
2144 2976 2366 3025 senatus
2392 2972 2618 3041 flagita-

269 3038 442 3095 Casar
485 3040 631 3094 nach
666 3041 935 3095 Ravenna
977 3041 1230 3109 begeben
1275 3039 1390 3093 und
1495 3039 1599 3121 vit]
1658 3037 1713 3092 d.
1769 3038 1823 3093 h.
1881 3055 1941 3094 er
1995 3040 2154 3094 hatte
2216 3040 2376 3095 nicht
2440 3043 2619 3097 selbst

273 3112 373 3165 das
395 3111 541 3165 eben
553 3110 836 3166 erwahnte
854 3112 1155 3166 Schreiben
1174 3111 1389 3178 Casan,
1499 3110 1664 3164 einen
1717 3108 1935 3190 Anti-ag
1990 3110 2246 3180 gestellt,
2312 3129 2466 3167 wozu
2524 3113 2617 3169 die

273 3183 516 3238 welches
570 3197 662 3235 am
713 3189 758 3236 1.
795 3183 831 3237 J
832 3199 1006 3237 anuar
1058 3180 1137 3234 im
1185 3182 1391 3236 Senate
1501 3181 1807 3237 Senatoren
1850 3179 2009 3235 nicht
2061 3155 2380 3267 berechtigt
2415 3201 2618 3252 waren,

270 3254 526 3309 vex-lesen
573 3253 789 3323 warde,
847 3252 1199 3307 fiberbracht.
1283 3256 1392 3307 Am
1500 3253 1741 3307 sondern
1779 3252 1869 3306 die
1906 3270 2003 3306 zur
2032 3252 2291 3322 Stellung
2326 3255 2478 3310 eines
2506 3254 2619 3310 An-

273 3332 322 3381 7.
374 3324 408 3378 J
414 3340 589 3378 anuar
649 3296 850 3378 kehrte
905 3340 965 3377 er
1017 3323 1078 3377 in
1132 3322 1233 3377 der
1286 3323 1390 3377 Be·
1497 3327 1687 3392 trages
1742 3322 2131 3392 berechtigten
2176 3324 2446 3380 Beamten
2496 3326 2615 3381 auf-

272 3395 537 3464 gleitung
572 3394 669 3450 des
706 3393 981 3450 Antonius
1018 3395 1133 3449 und
1171 3393 1391 3449 Cassius
1498 3394 1810 3464 gefordert,
1848 3393 2151 3448 denselben
2189 3414 2256 3449 zu
2292 3395 2510 3450 stellen.
2552 3428 2617 3437 —-

272 3485 340 3520 zu
406 3464 578 3520 Casar
644 3466 868 3522 zurtick.
940 3496 1013 3506 —
1085 3464 1366 3521 Antonius
1497 3481 1605 3535 quo
1641 3467 1822 3520 maius
1856 3481 1899 3520 8.
1938 3465 1986 3520 b.
2025 3465 2250 3536 faceret]
2288 3466 2417 3522 weil
2453 3468 2618 3521 unter

272 3538 347 3591 M.
378 3537 527 3602 Ant„
566 3534 667 3591 der
695 3539 915 3606 spatere
953 3535 1247 3603 Triumvir,
1279 3553 1353 3590 un
1499 3538 1609 3590 den
1620 3535 2143 3605 augenblicklichen
2156 3538 2467 3619 unruhigen
2478 3537 2616 3593 Ver·

275 3608 337 3674 Q.
370 3607 596 3662 Cassius
628 3624 810 3663 waren
839 3606 1293 3662 Volkstribunen.
1324 3636 1392 3646 —
1497 3606 1810 3662 haltnissen
1850 3607 1938 3660 ein
1976 3607 2310 3677 glanzender
2338 3607 2617 3679 Triumph

165 3708 170 3715 .
270 3680 434 3734 nulla
496 3679 556 3732 vi
722 3680 832 3734 alsi
932 3678 1131 3747 Dageg
1132 3694 1201 3732 en
1265 3680 1394 3746 sagt
1500 3677 1661 3732 nicht
1709 3678 1945 3746 gefeiert
1993 3678 2216 3733 werden
2264 3679 2489 3734 konnte.
2548 3710 2616 3720 —

275 3751 398 3805 Liv.
435 3747 483 3802 E
524 3751 587 3803 it.
624 3749 744 3804 Li.
783 3748 824 3804 C
880 3748 970 3804 IX.
1023 3750 1109 3803 Μ.
1147 3748 1392 3804 Antonio
1501 3750 1710 3803 Italiae
1736 3750 2000 3820 reqiones]
2031 3750 2144 3818 vgl.
2176 3749 2319 3806 Einl.
2350 3770 2391 3805 z.
2421 3751 2471 3805 J.
2494 3756 2616 3806 705.

274 3827 324 3876 et
364 3820 426 3891 Q.
514 3821 659 3875 assio
695 3821 822 3876 trib.
853 3821 995 3889 p.leb
1082 3862 1094 3875 .
1133 3820 1266 3874 urbe
1301 3836 1392 3875 cx-
1572 3819 1747 3874 Ensoe.
1789 3819 1957 3873 XXX.
1998 3824 2139 3888 (705.
2178 3822 2288 3889 49)
2327 3819 2438 3875 Der
2465 3820 2628 3876 Brief

271 3893 466 3960 pulsis.
538 3878 706 3946 thl.
762 3838 896 3947 Casp
932 3893 986 3946 b.
1032 3907 1079 3945 c.
1127 3891 1167 3944 I.
1216 3895 1264 3946 5.
1323 3918 1391 3930 -·
1498 3890 1575 3944 ist
1630 3907 1722 3945 am
1775 3897 1863 3945 29.
1912 3890 2120 3945 Januar
2173 3890 2233 3944 in
2279 3890 2471 3962 Capua
2525 3909 2622 3962 ge-

273 3964 417 4031 prof.
455 3967 721 4018 erant—
755 3961 999 4033 dederat]
1037 3959 1393 4015 Briefstil.—
1501 3960 1809 4028 schrieben,
1846 3978 1932 4016 wo
1964 3960 2156 4017 Cicero
2185 3978 2276 4016 am
2305 3968 2388 4018 25.
2421 3981 2492 4018 an
2523 3964 2622 4019 der

273 4041 497 4089 senatus
540 4034 658 4104 eta]
717 4031 1114 4088 Cas.b.c.1.
1162 4036 1210 4087 5.
1259 4031 1395 4086 tiber
1500 4032 1786 4101 Beratung
1815 4032 1914 4086 der
1949 4032 2319 4102 Pompejaner
2355 4033 2494 4089 fiber
2518 4034 2619 4090 Ca-

279 4103 525 4160 dieselbe
564 4103 767 4159 Sache:
807 4104 1111 4159 Decumum
1146 4103 1222 4158 ad
1254 4102 1395 4158 illud
1502 4119 1621 4157 sars
1680 4103 2272 4173 Friedensvorschlage
2329 4105 2617 4161 teilnahm.

278 4181 573 4230 extremum
593 4204 655 4215 -
678 4180 900 4230 senatus
918 4175 1218 4229 consultum
1221 4215 1240 4242 ,
1266 4175 1395 4228 dent
1576 4179 1622 4227 1.
1639 4173 1821 4228 domos
1836 4174 1941 4229 rel
1916 4174 2181 4245 quimus]
2203 4191 2294 4228 am
2312 4181 2396 4233 13.
2412 4178 2446 4232 J
2448 4193 2624 4232 anuar

278 4262 498 4315 operam
534 4247 801 4314 consules,
831 4250 1138 4314 praetores,
1181 4245 1395 4299 tribuni
1501 4245 1661 4326 hatte
1700 4242 1869 4299 Casar
1905 4245 1997 4299 die
2027 4245 2237 4300 Grenze
2276 4247 2458 4302 seiner
2485 4247 2619 4303 Pro·

277 4318 468 4385 plebis,
503 4318 704 4387 quique
728 4333 831 4386 pro
860 4316 1172 4372 consulibus
1198 4318 1273 4371 ad
1300 4332 1392 4369 ur·
1501 4315 1628 4369 vinz
1698 4316 1804 4370 mit
1873 4316 2065 4370 seinen
2131 4317 2242 4369 Tru
2283 4334 2396 4386 pen
2458 4320 2621 4374 uber·

283 4388 421 4455 bem,
457 4405 526 4443 ne
562 4389 696 4457 quid
731 4393 825 4443 etc.
1501 4385 1788 4456 schritten,
1826 4404 1918 4443 am
1948 4392 2029 4442 19.
2071 4335 2294 4443 verliefs
2323 4387 2623 4459 Pompejus

390 4485 577 4530 Ciceros
607 4496 804 4537 ausgcw.
835 4485 1002 4527 Briefs.
