3000 4917
450 240 580 306 184
1278 238 1409 294 LIB.
1446 238 1544 293 111.
1608 237 1833 293 EPIST.
1873 244 1958 293 26.

456 403 714 489 quidem
761 404 830 467 in
875 425 944 467 re
982 402 1294 487 singulari
1335 423 1478 467 sum
1517 401 1682 486 fat03
1727 423 1878 465 nam
1919 422 2064 465 cum
2102 400 2405 464 mendum
2444 399 2796 484 scripturae

450 494 646 557 litura
707 493 1003 576 tollatur,
1077 491 1360 556 stultitia
1421 491 1600 555 fama
1665 491 2000 574 multetur,
2074 511 2253 554 meus
2320 510 2504 555 error
2567 490 2793 554 exsilio

454 581 816 666 corrigitur,
863 580 1042 645 cuius
1091 602 1343 645 summa
1389 579 1677 644 criminis
1722 582 1839 662 est,
1887 578 2059 662 quod
2100 581 2383 642 armatus
2423 579 2797 643 adversario

387 670 431 735 2
452 671 619 735 male
666 669 815 734 dixi.
886 668 1097 735 Nemo
1141 672 1438 735 nostrum
1487 671 1607 750 est,
1651 669 1727 733 ut
1772 667 2023 751 opinor,
2070 667 2226 751 quin
2272 671 2428 731 vota
2463 666 2799 732 Victoriae

453 780 605 823 suae
659 757 912 842 fecerit,
974 779 1196 839 nemo,
1261 758 1418 841 quin
1482 757 1676 821 etiam
1744 778 1889 821 cum
1955 755 2031 819 de
2098 756 2226 820 alia
2284 778 2354 819 re
2408 756 2802 838 immolaret,

450 850 671 912 tamen
735 868 811 911 eo
880 847 1140 931 quidem
1202 846 1348 930 ipso
1412 850 1731 930 tempore,
1805 849 1880 909 ut
1954 866 2146 929 quam
2211 844 2492 927 primum
2561 842 2801 909 Caesar

452 939 894 1019 superaretur,
949 936 1218 1019 optarit:
1274 934 1400 999 hoc
1447 935 1506 999 si
1549 956 1682 999 non
1730 934 2006 1018 cogitat,
2054 934 2355 998 omnibus
2402 934 2600 999 rebus
2649 933 2802 998 felix

452 1027 577 1108 est3
643 1025 701 1089 si
768 1025 892 1088 scit
955 1029 1021 1089 et
1081 1045 1428 1108 persuasus
1485 1025 1611 1104 est,
1676 1022 1829 1107 quid
1882 1022 2185 1087 irascitur
2239 1023 2322 1104 ei,
2384 1023 2496 1107 qui
2554 1022 2802 1107 aliquid

452 1114 714 1197 scripsit
769 1116 995 1177 contra
1051 1134 1236 1177 suam
1291 1113 1724 1195 voluntatem,
1790 1132 1934 1175 cum
1988 1110 2238 1195 ignorit
2293 1112 2630 1195 omnibus,
2697 1112 2803 1196 qui

452 1201 661 1266 multa
708 1201 860 1266 deos
907 1201 1196 1266 venerati
1244 1205 1397 1266 sunt
1442 1205 1671 1266 contra
1717 1200 1853 1265 eius
1901 1199 2224 1265 salutem?

386 1289 429 1354 3
629 1288 756 1355 Sed
800 1293 875 1354 ut
922 1289 1142 1355 eodem
1191 1293 1505 1373 revertar,
1563 1312 1756 1355 causa
1809 1290 1969 1354 haec
2014 1287 2140 1353 fuit
2183 1289 2461 1353 timoris.
2556 1288 2802 1373 Scripsi

451 1377 529 1442 de
575 1382 640 1442 te
678 1399 870 1462 parce
907 1377 1154 1443 medius
1191 1379 1382 1444 fidius
1421 1384 1486 1443 et
1521 1380 1765 1463 timide,
1811 1400 1946 1443 non
1984 1399 2296 1441 revocans
2333 1400 2437 1442 me
2475 1378 2643 1462 ipse,
2692 1378 2799 1443 sed

447 1488 651 1551 paene
679 1467 1034 1552 refugiens:
1074 1488 1274 1553 genus
1306 1472 1522 1532 autem
1550 1467 1674 1533 hoc
1704 1468 2060 1550 scripturae
2095 1489 2225 1532 non
2265 1467 2457 1532 modo
2498 1467 2798 1551 liberum,

450 1555 561 1620 sed
596 1556 940 1620 incitatum
979 1564 1170 1642 atque
1209 1556 1450 1621 elatum
1491 1577 1633 1620 esse
1672 1556 1901 1620 debere
1940 1556 2084 1639 quis
2121 1556 2426 1640 ignorat?
2496 1553 2798 1621 Solutum

450 1644 856 1709 existimatur
902 1665 1042 1710 esse
1089 1645 1279 1709 alteri
1316 1646 1485 1709 male
1524 1644 1730 1709 dicere
1769 1681 1853 1691 —
1891 1647 2115 1708 tamen
2153 1644 2513 1709 cavendum
2554 1649 2677 1728 est,
2720 1666 2800 1708 ne

448 1732 519 1797 in
538 1734 971 1816 petulantiam
989 1733 1236 1798 incidas
1257 1758 1365 1816 —3
1402 1732 1782 1816 impeditum
1805 1754 1873 1797 se
1900 1733 2115 1816 ipsum
2145 1733 2428 1817 laudare,
2457 1756 2543 1798 ne
2565 1735 2796 1800 vitium

449 1822 860 1906 arrogantiae
908 1824 1363 1905 subsequatur3
1412 1823 1622 1886 solum
1668 1844 1821 1887 vero
1867 1822 2144 1886 liberum
2193 1822 2467 1886 alterum
2514 1823 2801 1900 laudare,

448 1910 525 1974 de
584 1933 710 1996 quo
770 1911 1079 1995 quidquid
1133 1911 1467 1995 detrahaS,
1519 1931 1779 1976 necesse
1835 1914 1933 1975 est
1978 1914 2092 1974 aut
2135 1909 2502 1975 infirmitati
2551 1916 2671 1977 aut
2714 1912 2801 1975 in-

447 2000 656 2065 vidiae
714 1999 1096 2084 assignetur.
1187 2000 1285 2064 Ac
1339 2000 1560 2065 nescio
1617 2021 1699 2063 an
1755 2000 1879 2063 tibi
1929 1999 2179 2083 gratius
2237 2002 2800 2085 opportuniusque

447 2088 774 2170 acciderit3
833 2109 1011 2172 nam,
1070 2088 1240 2173 quod
1293 2089 1621 2172 praeclare
1679 2088 1890 2152 facere
1945 2109 2077 2152 non
2131 2092 2455 2172 poteram,
2511 2090 2798 2172 primum

449 2181 608 2259 erat,
635 2198 765 2240 non
789 2176 1133 2261 attingere,
1163 2177 1511 2241 secundum
1531 2177 1934 2258 beneficium,
1954 2198 2149 2260 quam
2169 2176 2547 2259 parcissime
2569 2178 2797 2243 facere.

448 2262 573 2330 Sed
601 2269 823 2329 tamen
853 2286 974 2351 ego
1015 2266 1273 2350 quidem
1310 2286 1413 2329 me
1453 2265 1759 2348 sustinui3
1797 2265 2004 2329 multa
2038 2265 2260 2348 minui,
2299 2267 2505 2329 multa
2541 2266 2799 2349 sustuli,

447 2490 608 2546 bffl'se
645 2491 734 2546 fiir
769 2493 953 2547 meine
989 2490 1182 2546 Feder.
1213 2523 1279 2531 —
1319 2498 1569 2547 armatus

449 2593 513 2603 —
552 2564 816 2619 maledixi
878 2562 1015 2617 Dass
1053 2580 1185 2617 man
1219 2564 1355 2618 aber
1382 2562 1566 2618 einem

447 2632 668 2703 Gegner
704 2634 783 2688 im
874 2635 1061 2704 ampfe
1098 2634 1242 2688 auch
1278 2635 1424 2689 noch
1459 2635 1568 2689 mit

443 2705 680 2760 Worten
698 2707 925 2773 zusetzt‚
943 2704 1021 2761 ist
1037 2704 1223 2759 nichts
1236 2705 1566 2776 derartiges,

446 2775 582 2900 dard
606 2793 666 2830 es
702 2778 850 2832 noch
888 2778 1012 2831 eine
1040 2776 1349 2831 besondere
1381 2775 1566 2842 Strafe

442 2862 543 2902 ver
584 2846 751 2904 iente.

516 2958 565 3007 2.
620 2957 746 3007 vota
819 2953 1096 3009 Victoriae
1156 2970 1288 3009 suae
1349 2954 1562 3025 fecerit]

446 3022 561 3076 Der
586 3022 754 3077 Dativ
783 3024 996 3079 erklart
1028 3025 1146 3080 sich
1174 3041 1275 3079 aus
1304 3025 1404 3079 der
1429 3024 1562 3079 Per-

446 3093 806 3148 sonifikation
859 3095 957 3150 des
1002 3095 1221 3164 Sieges,
1280 3096 1387 3151 den
1431 3111 1564 3150 man

448 3164 626 3219 selbst
651 3182 719 3218 zu
747 3165 1004 3220 erhalten
1031 3168 1304 3233 wiinscht‚
1331 3185 1426 3221 um
1456 3167 1565 3222 den

447 3252 581 3290 man
615 3235 776 3301 fieht;
815 3235 908 3291 ΠΙ.
946 3243 1032 3292 41.
1073 3244 1131 3292 6:
1171 3239 1330 3293 ludos
1367 3239 1563 3293 Gaesa-

445 3307 527 3362 ris
577 3308 837 3363 victoriae
883 3308 1028 3374 fecit.
1068 3340 1136 3349 -
1172 3326 1285 3364 non
1335 3309 1562 3382 σωρῖται]

445 3376 605 3433 nicht
639 3378 904 3446 bedenkt,
947 3378 1067 3433 sich
1103 3379 1263 3434 nicht
1289 3379 1566 3446 vorstellt,

446 3464 518 3503 sc.
568 3448 783 3505 Caesar.
832 3480 899 3490 —
940 3451 1140 3522 multa]
1189 3449 1376 3520 eifrig3
1425 3452 1566 3505 fiber

448 3520 555 3575 den
590 3519 723 3576 Acc.
762 3537 805 3576 s.
843 3539 886 3576 z.
924 3519 1020 3575 111.
1063 3527 1143 3576 16.
1183 3527 1233 3576 2.

518 3631 566 3682 3.
605 3641 774 3680 causa
809 3627 860 3680 h.
889 3627 931 3694 f.
959 3627 1173 3682 timoris
1236 3627 1350 3681 Der
1370 3626 1563 3682 Grund

448 3696 548 3752 der
592 3696 669 3750 im
705 3695 851 3767 Eing
968 3713 999 3751 e
1044 3697 1140 3752 des
1223 3696 1392 3752 riefes
1439 3715 1563 3752 aus·

485 3714 1265 3894 pspffiehenenfflffiesorgqiffi
1348 3769 1563 3824 welche

444 3854 603 3965 hazte
616 3953 630 3979 ,
663 3840 1094 3966 elggrzendediesc
1110 3842 1565 3967 fortwggrzetiigdeerri

443 3981 771 4051 Bedenken,
828 3984 901 4037 ob
955 3983 1068 4037 und
1124 3984 1230 4038 wie
1283 3999 1344 4037 er
1391 3982 1563 4037 Casar

444 4055 767 4120 gegenfiber
813 4053 921 4108 den
960 4054 1191 4109 rechten
1225 4053 1347 4109 Ton
1382 4053 1561 4108 treffe.

445 4122 559 4176 Der
583 4122 911 4193 Darlegung
939 4124 1118 4179 dieses
1143 4123 1397 4180 Grandes
1424 4126 1564 4194 geht

447 4190 580 4245 aber
628 4193 901 4248 zunachst
943 4196 1091 4250 noch
1137 4196 1261 4250 eine
1307 4196 1564 4252 ausffihr-

446 4259 594 4313 liche
646 4263 1134 4334 Entschuldigung
1187 4283 1357 4322 voran
1371 4310 1384 4335 ‚
1441 4265 1564 4321 dass

448 4342 510 4381 er
552 4329 692 4383 fiber
727 4331 920 4387 Cicero
954 4351 1121 4401 parce
1157 4343 1208 4391 et
1242 4339 1431 4392 timide
1466 4353 1562 4404 ge-

448 4395 762 4467 schrieben3
801 4418 861 4455 er
895 4402 1176 4459 ffirchtete
1212 4409 1357 4462 auch
1386 4409 1562 4462 durch

1674 2491 2007 2546 reichliches
2028 2492 2166 2558 Lob,
2188 2509 2301 2545 was
2322 2508 2383 2546 er
2402 2492 2531 2547 dem
2542 2492 2795 2548 Freunde

1675 2564 1969 2631 spendete‚
2035 2562 2129 2616 bei
2184 2561 2356 2616 Casar
2419 2564 2792 2619 anzustol'sen.

1672 2634 1812 2688 War
1838 2650 1899 2688 er
1926 2651 2042 2687 nun
2069 2638 2239 2688 sehon
2267 2633 2361 2688 bei
2379 2631 2575 2689 Cicero
2608 2636 2795 2704 anget-

1673 2703 1804 2773 lich,
1841 2722 1937 2758 um
1966 2721 2026 2759 so
2053 2705 2211 2758 mehr
2240 2721 2400 2759 wenn
2428 2720 2489 2758 er
2517 2708 2595 2761 ad
2622 2708 2794 2777 ipsias

1676 2776 1929 2831 Caesaris
1981 2791 2175 2830 nentem
2226 2774 2376 2829 kam.
2418 2807 2486 2815 —-
2533 2792 2795 2834 revocans

1674 2877 1742 2887 —
1770 2845 2070 2917 refuyiens]
2110 2863 2166 2901 se
2190 2863 2438 2902 revocare
2464 2873 2529 2893 ==
2559 2849 2790 2903 zurfick-

1670 2916 1882 2984 halten,
1921 2934 1994 2971 an
2031 2918 2150 2971 sich
2189 2916 2399 2985 halten,
2436 2919 2691 2989 refuyere
2727 2944 2790 2965 =

1674 3006 1771 3044 vor
1845 2993 2016 3043 etwas
2091 2988 2611 3046 zurtickschrecken
2678 2993 2791 3061 (vor

1671 3058 1799 3113 dem
1874 3060 2109 3128 eigenen
2172 3058 2480 3115 Gedanken
2547 3061 2790 3131 fliehen).

1671 3129 1814 3185 Phil.
1867 3129 2013 3184 XIV.
2062 3136 2112 3184 3.
2160 3137 2219 3184 92
2285 3132 2493 3201 refuyit
2556 3136 2791 3198 animus,

1670 3218 1837 3271 eaque
1871 3203 2048 3256 dicere
2081 3203 2406 3269 reformidat
2439 3220 2580 3272 quae
2608 3211 2704 3259 cet.
2724 3233 2790 3244 —-

1670 3289 1841 3342 ymas
1885 3273 1985 3327 hoc
2029 3274 2157 3344 scr]
2210 3289 2373 3327 wenn
2417 3291 2550 3328 man
2587 3276 2791 3330 andere

1671 3344 1807 3398 lobt.
1860 3374 1925 3383 —
1972 3344 2231 3414 solutum]
2289 3345 2527 3399 solutum
2582 3353 2663 3400 est
2707 3349 2788 3415 (ee

1671 3414 1747 3468 ist
1764 3413 1964 3483 leicht)
1982 3415 2167 3468 erhalt
2186 3414 2311 3470 eine
2320 3416 2788 3485 Einschrankung

1670 3484 1848 3540 durch
1883 3491 2065 3539 tamen
2101 3488 2400 3541 cavendum
2435 3492 2512 3541 est
2544 3495 2662 3554 cet„
2701 3485 2786 3542 bei

1669 3557 1989 3627 impeditum
2008 3556 2293 3626 (mifslich‚
2314 3558 2633 3629 schwierig)
2653 3559 2788 3628 liegt

1672 3627 1752 3682 sie
1779 3627 1860 3681 im
1887 3626 2133 3698 Begriffe
2162 3629 2352 3696 selbst,
2383 3628 2578 3683 daher:
2616 3632 2785 3687 solam

1669 3715 1794 3754 vero
1857 3699 2085 3753 liberum
2147 3704 2242 3754 etc.
2304 3730 2371 3740 —
2436 3702 2523 3754 Ac
2582 3700 2780 3771 nescio]

1668 3770 1874 3838 km‘ipft
1900 3768 2108 3824 wieder
2133 3787 2207 3824 an
2232 3772 2434 3839 scripsi
2459 3772 2525 3825 de
2549 3779 2602 3828 te
2619 3786 2782 3842 parce

1671 3858 1771 3895 an:
1834 3839 1950 3894 und
2004 3840 2294 3895 vielleicht
2347 3841 2424 3896 ist
2477 3857 2536 3895 es
2585 3844 2672 3898 dir
2723 3858 2780 3896 so

1669 3911 1862 3966 lieber.
1907 3941 1981 3951 -
2026 3912 2364 3994 beneficium]
2420 3928 2479 3966 es
2525 3932 2642 3969 war
2687 3914 2779 3967 das

1664 3983 1985 4052 parcissime
2055 3983 2234 4050 facere
2309 3999 2403 4038 em
2473 3984 2780 4050 Verdienst,

1670 4056 1763 4108 ein
1826 4055 1999 4121 benef.
2081 4041 2357 4123 U'brigens
2413 4057 2603 4112 wiirde
2656 4073 2778 4109 man

1670 4125 1770 4180 das
1807 4125 1973 4178 Wort
2016 4141 2187 4194 gerne
2233 4127 2553 4182 entbehren.
2594 4159 2657 4168 —
2691 4125 2777 4182 sed

1669 4203 1852 4251 tamen
1913 4194 2190 4265 indessen‚
2228 4197 2334 4251 wie
2372 4198 2449 4252 du
2484 4200 2629 4253 auch
2657 4199 2774 4251 dar-

1668 4268 1808 4322 fiber
1883 4266 2066 4322 enken
2100 4271 2306 4336 magst,
2344 4284 2505 4324 wenn
2542 4270 2615 4324 du
2642 4266 2776 4323 auch

1670 4339 1907 4393 anderer
1934 4338 2204 4407 Meinung
2242 4339 2361 4393 sein
2397 4341 2635 4408 solltest,
2670 4358 2709 4394 s.
2730 4357 2772 4394 ε.

1669 4408 1712 4463 Ι.
1752 4415 1800 4463 7.
1848 4414 1896 4463 2.
1956 4440 2025 4450 -
2071 4426 2153 4464 me
2196 4412 2463 4482 sustinui]
2518 4429 2572 4467 se
2623 4410 2776 4467 susti-
