3000 4917
1001 241 1057 296 C.
1098 240 1508 297 TREBATIUS
1546 241 1792 297 TESTA.

2444 242 2566 308 107

214 404 300 468 ad
358 408 425 468 te
481 404 653 469 ultro
710 404 1076 488 detulerim,
1128 405 1496 470 meminisse
1553 410 1619 470 te
1675 405 1894 490 cred03
1958 412 2188 490 postea
2243 429 2436 491 quam
2493 429 2570 471 ea

219 496 479 557 mutata
513 494 682 558 ratio
721 497 840 578 est,
888 516 1034 559 cum
1070 493 1351 558 viderem
1392 516 1495 558 me
1536 518 1574 559 a
1611 492 1883 559 Caesare
1920 495 2568 560 honorificentissime

216 583 488 647 tractari
527 586 594 646 et
629 582 816 647 unice
855 582 1041 669 diligi
1076 582 1489 667 hominisque
1527 583 1981 648 liberalitatem
2020 584 2468 649 incredibilem
2505 588 2570 648 et

217 671 618 756 singularem
663 672 856 736 fidem
901 693 1188 752 nossem,
1245 672 1337 737 sic
1383 672 1443 735 ei
1488 675 1554 736 te
1600 672 2041 737 commendavi
2089 675 2154 737 et
2197 673 2452 756 tradidi,
2497 678 2571 737 ut

217 759 600 843 gravissime
667 760 1291 845 diligentissimeque
1356 762 1567 843 potui3
1644 760 1814 844 quod
1877 761 1985 825 ille
2070 766 2255 846 grate
2322 762 2569 844 accepit

219 853 287 912 et
340 849 503 912 mihi
560 870 751 932 saepe
808 849 1041 913 litteris
1090 850 1479 934 significavit
1526 852 1592 914 et
1635 849 1756 914 tibi
1802 850 2014 914 verbis
2063 855 2128 914 et
2171 872 2240 914 re
2287 850 2571 914 ostendit

219 959 367 1001 mea
402 938 955 1002 commendatione
994 960 1133 1002 sese
1171 938 1357 1002 valde
1389 959 1530 1002 esse
1558 942 1969 1004 commotum.
2040 937 2232 1003 Hunc
2257 941 2330 1003 tu
2358 940 2567 1003 virum

220 1031 470 1106 nactus,
519 1027 575 1090 si
622 1048 725 1090 me
772 1030 887 1090 aut
933 1048 1156 1109 sapere
1203 1027 1446 1111 aliquid
1494 1033 1606 1090 aut
1643 1026 1808 1090 velle
1842 1031 1960 1091 tua
1996 1049 2193 1091 causa
2229 1031 2440 1109 putas,
2487 1049 2568 1090 ne

223 1114 545 1179 dimiseris
595 1119 680 1196 et,
727 1116 780 1178 si
828 1137 989 1200 quae
1037 1120 1100 1180 te
1143 1114 1312 1179 forte
1349 1137 1452 1180 res
1492 1115 1839 1201 aliquando
1878 1116 2229 1199 offenderit,
2277 1139 2421 1181 cum
2458 1116 2568 1179 ille

219 1207 338 1268 aut
383 1205 805 1287 occupatione
854 1207 967 1268 aut
1012 1203 1395 1269 difficultate
1439 1205 1685 1269 tardior
1721 1204 1844 1271 tibi
1882 1205 2006 1269 erit
2040 1206 2238 1288 visu8‚
2282 1205 2568 1288 perferto

222 1296 290 1355 et
347 1293 576 1357 ultima
622 1296 1020 1376 exspectato,
1079 1315 1243 1379 quae
1292 1313 1411 1378 ego
1457 1293 1585 1357 tibi
1630 1293 1909 1358 iucunda
1956 1296 2021 1357 et
2065 1293 2340 1359 honesta
2382 1315 2569 1378 prae-

219 1382 429 1445 stabo.
518 1381 821 1446 Pluribus
875 1385 941 1445 te
995 1382 1243 1446 hortari
1299 1404 1432 1446 non
1486 1382 1715 1446 debeo:
1770 1386 2028 1447 tantum
2085 1404 2316 1447 moneo
2363 1403 2567 1466 neque
2588 1368 2629 1432 3

219 1470 542 1534 amicitiae
605 1470 1079 1536 confirmandae
1143 1470 1484 1534 clarissimi
1551 1493 1624 1535 ac
1697 1469 2133 1536 liberalissimi
2187 1473 2309 1536 viri
2364 1493 2570 1555 neque

220 1558 540 1623 uberioris
595 1559 964 1642 provinciae
1017 1581 1223 1644 neque
1280 1560 1512 1624 aetatis
1570 1559 1780 1645 magis
1828 1560 2128 1625 idoneum
2176 1565 2458 1644 tempus,
2516 1560 2572 1624 si

220 1646 343 1712 hoc
391 1648 708 1731 amiseris,
751 1651 816 1712 te
864 1670 1003 1713 esse
1047 1648 1253 1713 ullum
1299 1669 1585 1731 unquam
1632 1652 2060 1731 reperturum.
2150 1666 2309 1727 HOC,
2358 1671 2571 1732 quem-

220 1736 565 1800 admodum
620 1754 737 1801 vos
793 1737 1066 1802 scribere
1123 1737 1346 1801 soletis

1404 1737 1472 1800 in
1525 1737 1759 1801 vestris
1807 1737 2016 1816 libris,
2072 1755 2252 1802 IDEM
2299 1756 2362 1816 Q.
2411 1754 2571 1802 GOR-

219 1842 431 1890 NELIO
499 1843 919 1891 VIDEBATUR.
1027 1826 1106 1890 In
1168 1825 1576 1890 Britanniam
1647 1831 1713 1889 te
1787 1827 2151 1908 profectum
2226 1848 2360 1890 non
2433 1847 2572 1890 esse

219 1913 495 1997 gaudeo,
555 1913 725 1998 quod
782 1919 848 1979 et
902 1915 1124 1979 labore
1181 1915 1444 1979 caruisti
1501 1919 1568 1978 et
1615 1935 1734 2000 ego
1783 1920 1848 1980 te
1896 1916 1973 1979 de
2019 1916 2210 1980 rebus
2258 1914 2390 1978 illis
2437 1937 2567 1979 non

220 2003 497 2068 audiam.
581 2002 710 2068 Ubi
757 2004 845 2068 sis
892 2004 1351 2068 hibernaturus
1398 2007 1464 2068 et
1509 2025 1636 2088 qua
1682 2025 1794 2087 spe
1841 2007 1954 2068 aut
1989 2003 2383 2087 condicione,
2428 2025 2569 2087 per-

220 2093 463 2158 scribas
513 2093 594 2157 ad
641 2114 743 2155 me
790 2093 1003 2157 velim.

1108 2305 1462 2371 EPISTULA
1506 2305 1681 2371 XVI.

1101 2426 1210 2493 (Ad
1246 2426 1377 2481 fam.
1416 2426 1537 2481 vn.
1581 2429 1686 2496 ιο.)

898 2550 973 2605 M.
1012 2549 1271 2605 CICERO
1311 2547 1366 2605 S.
1405 2550 1472 2606 D.
1509 2549 1897 2604 TREBATIO.

397 2661 565 2746 Legi
619 2663 766 2724 tuas
820 2660 1074 2724 litteras
1085 2710 1102 2743 ‚
1159 2682 1234 2723 ex
1290 2660 1522 2744 quibus
1577 2660 1865 2724 intellexi
1923 2663 1987 2723 te
2036 2657 2296 2725 Caesari
2348 2662 2572 2723 nostro
2598 2664 2631 2728 1

225 2751 412 2816 valde
459 2751 600 2815 iure
648 2749 1014 2815 consultum
1062 2749 1282 2813 videri.
1371 2747 1495 2812 Est
1531 2748 1700 2833 quod
1738 2749 2021 2834 gaudeas
2059 2752 2124 2813 te
2162 2748 2232 2811 in
2266 2747 2396 2812 ista
2430 2748 2574 2812 loca

222 2842 507 2922 venisse,
561 2839 673 2903 ubi
732 2838 972 2922 aliquid
1030 2860 1251 2921 sapere
1297 2838 1600 2902 viderere.
1692 2837 1877 2914 Quod
1933 2838 1990 2902 si
2048 2837 2117 2901 in
2163 2835 2573 2901 Britanniam
2630 2882 2635 2887 -

225 2951 481 3014 quoque
546 2927 880 3012 profectus
945 2949 1148 3010 esses,
1209 2927 1501 3012 profecto
1565 2948 1754 2991 nemo
1819 2927 1888 2991 in
1947 2926 2062 2991 illa
2114 2929 2303 2990 tanta
2359 2925 2574 2990 insula

226 3141 352 3195 velle
388 3144 491 3194 tua
533 3139 725 3210 causa]
765 3156 805 3195 s.
845 3157 889 3193 z.
919 3136 963 3191 Ι.
996 3142 1080 3192 15.
1109 3143 1160 3192 3.
1189 3169 1256 3178 —
1284 3142 1349 3191 ut

223 3212 381 3279 potui
408 3209 561 3264 beim
581 3208 901 3279 Superlativ
930 3208 1035 3262 wie
1061 3207 1104 3263 1.
1139 3214 1185 3266 1.
1207 3214 1256 3263 5.
1279 3239 1346 3248 -

230 3281 471 3352 tamdior]
494 3281 638 3336 sc.in
656 3285 714 3334 te
735 3278 992 3349 augendo
1013 3281 1070 3334 et
1082 3279 1348 3335 ornando,

299 3359 349 3407 3.
408 3353 566 3407 amic.
625 3353 862 3418 confirm.
912 3367 1070 3420 prov.
1126 3351 1346 3422 aetatis]

229 3422 664 3491 Verbindungen
703 3423 799 3477 des
837 3420 1208 3476 Gerundiums
1244 3420 1350 3475 mit

228 3496 409 3549 einem
449 3493 632 3548 Subst.
670 3493 935 3549 kommen
982 3494 1125 3547 auch
1177 3494 1349 3559 sonet,

227 3563 490 3621 wiewohl
518 3565 719 3631 selten‚
753 3563 849 3619 bei
864 3563 1056 3619 Cicero
1083 3580 1184 3618 vor
1206 3561 1347 3632 (Lal.

228 3643 312 3691 20.
355 3642 448 3691 74:
495 3637 736 3690 venandi
771 3640 872 3689 aut
900 3636 1085 3704 pilae;
1131 3640 1220 3691 16.
1252 3640 1347 3701 613

229 3707 517 3763 blwnditiis
552 3712 602 3762 et
636 3707 1009 3774 assentando);
1049 3722 1123 3760 an
1152 3706 1348 3775 obiger

228 3778 403 3833 Stelle
457 3779 536 3832 ist
579 3777 840 3832 indensen
890 3778 981 3831 die
1026 3776 1347 3845 Beziehung

226 3850 325 3905 des
353 3849 489 3905 Gen.
521 3848 619 3903 des
649 3848 1019 3903 Gerundinms
1050 3847 1346 3917 (Gelegen-

227 3919 348 3976 heit
381 3923 598 3988 wozu?)
635 3918 748 3973 und
787 3920 886 3974 der
919 3920 1125 3975 beiden
1159 3917 1343 3974 Subst.

231 3992 559 4117 ngstande
574 4033 588 4058 ‚
647 3991 853 4045 welche
909 3991 1034 4045 eine
1083 3989 1350 4061 gfinstige

283 4061 610 4131 elegenheit
644 4061 855 4131 bieten)
895 4080 964 4116 zu
991 4068 1201 4132 tempus
1229 4062 1351 4115 eine

230 4133 642 4189 verschiedene.
683 4163 747 4174 ——
786 4134 1079 4205 uberioris]
1132 4131 1354 4186 reicher

230 4205 345 4259 und
409 4204 723 4275 ergiebiger
779 4221 849 4259 an
903 4202 1157 4269 Mittam,
1223 4203 1354 4257 dein

233 4275 352 4329 Ziel
396 4293 464 4330 zu
515 4275 818 4331 erreichen.
890 4274 1018 4343 Vgl.
1061 4275 1169 4329 den
1216 4274 1352 4328 ahu-

233 4346 423 4402 lichen
478 4345 788 4401 Gedanken
833 4345 986 4400 Fam.
1034 4344 1154 4398 VII.
1206 4352 1254 4400 ’1.
1303 4350 1353 4398 2.

235 4433 307 4472 an
335 4418 577 4474 Trebaz:
618 4417 1008 4486 Imperatorem
1036 4417 1197 4471 habes
1226 4416 1354 4470 libe·

1453 3138 1812 3204 nummum,
1879 3142 2106 3220 aetatem
2176 3138 2574 3221 opporturpissi·

1452 3225 1652 3347 {232an
1672 3209 2115 3334 emeingimimm
2152 3213 2575 3346 τίπξξῗᾶαῗιηξῖιῑ

1454 3368 1525 3473 ’ὅτε
1553 3353 1676 3433 jpse
1701 3352 1804 3433 tybi
1832 3352 2068 3476 desmizse
2094 3351 2326 3475 videare.
2358 3350 2574 3474 -υξὲῇ

1499 3464 1512 3474 .
1549 3441 1586 3476 1.
1624 3438 1761 3475 1ur1s
1800 3438 1967 3476 consu
2017 3440 2056 3476 1.
2094 3452 2162 3462 -
2263 3436 2413 3475 00-1—
2529 3438 2577 3475 e·

1456 3493 1649 3564 batwr]
1694 3490 1819 3547 eine
1863 3491 1959 3546 bei
2004 3491 2114 3545 den
2159 3497 2296 3545 rom.
2342 3491 2578 3545 Rechts—

1455 3563 1752 3633 gelehrten
1788 3563 2173 3631 gewohnliche
2210 3560 2456 3629 Formel‚
2507 3562 2581 3615 da

1457 3634 1542 3689 sie
1596 3633 1717 3689 sich
1761 3633 1820 3687 in
1866 3633 2026 3686 ihren
2078 3631 2577 3701 Entscheidungen

1455 3721 1595 3774 gern
1642 3704 1744 3760 auf
1786 3705 1875 3758 die
1912 3702 2204 3759 Autoritat
2249 3703 2576 3757 beriihmter

1454 3776 1961 3846 Rechtsgelehrten
2015 3773 2277 3829 beriefen.
2325 3805 2393 3814 —
2446 3774 2572 3829 Cor-

1453 3849 1599 3902 nelio
1691 3846 1754 3913 Q.
1812 3845 1974 3902 Corn.
2011 3845 2306 3913 Maximus,
2363 3845 2574 3898 Lehrer

1454 3919 1553 3973 des
1610 3919 1774 3972 rebaz
1786 3919 1844 3972 in
1855 3919 1954 3971 der
1962 3918 2221 3971 Rechtsw
2230 3914 2542 3970 issenschaf
2542 3924 2580 3971 t.

1530 3988 1707 4043 Emer.
1745 3988 1892 4041 XVI.
1930 3990 2075 4057 (700.
2115 3989 2224 4056 54.)
2278 3987 2392 4040 Der
2427 3986 2587 4042 Brief

1457 4061 1536 4115 ist
1591 4079 1657 4114 zu
1711 4060 1869 4113 Ende
1916 4058 2016 4112 des
2071 4059 2268 4113 Jahres
2317 4076 2384 4111 zu
2438 4057 2581 4113 Rom

1459 4130 1848 4200 geschrieben‚
1897 4129 1980 4184 als
2021 4127 2189 4184 Casar
2234 4128 2440 4183 bereits
2486 4130 2578 4184 die

1460 4201 1966 4270 Winterquartiere
2003 4200 2252 4270 bezogen
2288 4200 2467 4255 hatte.

1536 4280 1582 4327 1.
1634 4274 1757 4327 iure
1817 4271 2146 4343 consultum]
2212 4270 2317 4324 Die
2379 4271 2582 4326 beiden

1462 4344 1658 4399 Worte
1693 4342 1889 4399 bilden
1917 4343 2039 4398 hier
2064 4343 2224 4396 nicht
2253 4340 2453 4395 einen
2480 4343 2583 4395 Be-

1461 4413 1618 4485 griff‚
1673 4415 1801 4470 weil
1858 4418 2016 4470 sonst
2067 4414 2226 4468 nicht
2280 4412 2381 4465 das
2437 4413 2581 4466 Adv.
