3000 4917
444 237 572 302 180
1270 234 1407 291 LIB.
1445 235 1541 290 111.
1605 233 1829 290 EPIST.
1868 241 1953 290 25.

442 399 851 484 providerim,
896 402 1258 483 praetere03
1305 399 1457 463 nolo
1507 398 1678 462 enim
1723 397 1897 462 hunc
1943 397 2020 461 de
2056 420 2160 461 me
2198 399 2443 481 optime
2480 399 2782 464 meritum

442 489 812 553 existimare
868 509 944 552 ea
999 510 1101 552 me
1156 487 1434 552 suasisse
1488 485 1826 570 Pompeio,
1881 485 2110 571 quibus
2167 487 2279 550 ille
2337 488 2393 551 si
2448 488 2785 573 paruisset,

442 581 614 643 esset
658 577 764 641 hic
810 576 1068 661 quidem
1115 577 1326 641 clarus
1372 576 1442 639 in
1487 580 1647 661 toga
1693 580 1757 639 et
1801 575 2126 660 princePS,
2186 576 2299 640 sed
2343 581 2561 641 tantas
2611 598 2785 660 opes,

441 669 719 750 quantas
785 688 954 730 nunc
1018 665 1244 748 habet,
1308 686 1441 729 non
1504 664 1792 729 haberet.
1895 664 2200 728 Eundum
2266 666 2333 728 in
2398 664 2785 749 Hispaniam

439 755 691 837 censui3
747 755 919 839 quod
964 754 1020 818 si
1065 754 1353 837 fecisset,
1399 754 1589 818 civile
1635 753 1878 817 bellum
1925 753 2177 817 nullum
2222 754 2486 818 omnino
2534 753 2786 820 fuisset.

439 842 783 908 Rationem
838 843 1065 908 haberi
1120 844 1411 907 absentis
1464 864 1599 907 non
1652 845 1787 906 tam
1835 842 2121 926 pugnavi
2167 845 2240 906 ut
2285 842 2538 926 liceret,
2595 865 2786 926 quam

440 937 533 1016 ut,
571 932 878 1016 quoniam
917 933 1060 1015 ipso
1099 932 1358 996 consule
1395 935 1728 1015 pugnante
1764 931 2042 1014 populus
2080 932 2377 1016 iusserat,
2421 931 2787 998 haberetur.

441 1020 659 1087 Causa
704 1024 850 1085 orta
893 1020 1047 1085 belli
1096 1026 1220 1085 estt
1275 1020 1427 1104 quid
1474 1040 1596 1104 ego
1643 1019 2051 1102 praetermisi
2089 1022 2202 1084 aut
2237 1020 2649 1085 monitorum·
2679 1027 2788 1085 aut

441 1110 867 1195 querelarum,
903 1130 1048 1173 cum
1085 1108 1190 1172 vel
1228 1109 1704 1194 iniquissimam
1741 1129 1962 1191 pacem
2004 1108 2360 1173 iustissimo
2399 1109 2567 1174 bello
2610 1113 2785 1174 ante·

378 1201 420 1265 6
441 1199 724 1263 ferrem?
796 1197 991 1263 Victa
1030 1200 1132 1262 est
1166 1198 1522 1262 auctoritas
1560 1219 1724 1283 mea,
1759 1219 1893 1262 non
1929 1201 2067 1262 tam
2107 1220 2144 1263 a
2180 1196 2489 1282 Pompeio
2527 1235 2601 1243 -—
2636 1220 2786 1263 nam

439 1290 497 1352 is
553 1287 963 1370 movebatur,
1024 1323 1098 1333 —
1151 1308 1345 1371 quam
1407 1287 1488 1351 ab
1543 1286 1652 1369 iis,
1708 1287 1818 1370 qui
1873 1286 2031 1351 duce
2078 1285 2383 1370 Pompeio
2439 1286 2589 1351 freti
2645 1309 2785 1370 per-

443 1379 875 1459 opportunam
944 1379 1011 1440 et
1074 1376 1266 1440 rebus
1332 1375 1706 1440 domesticis
1771 1381 1837 1439 et
1892 1375 2355 1460 cupiditatibus
2411 1375 2543 1439 suis
2607 1376 2785 1441 illius

440 1464 597 1530 belli
633 1465 971 1529 victoriam
1008 1463 1149 1529 fore
1185 1465 1522 1548 putabant.
1598 1461 1984 1548 Susceptum
2023 1464 2262 1528 bellum
2291 1467 2392 1528 est
2419 1464 2785 1548 quiescente

443 1574 562 1637 me,
610 1552 949 1637 depulsum
997 1575 1075 1617 ex
1121 1553 1315 1617 Italia
1361 1556 1665 1617 manente
1711 1575 1834 1632 me,
1880 1553 2092 1638 quoad
2138 1553 2337 1636 potui.
2412 1550 2538 1616 Sed
2584 1554 2787 1618 valuit

444 1641 613 1726 apud
669 1664 772 1706 me
826 1642 974 1725 plus
1027 1642 1236 1724 pudor
1291 1662 1472 1706 meus
1531 1664 1721 1726 quam
1777 1643 1999 1706 timor:
2065 1641 2308 1706 veritus
2366 1663 2509 1705 sum
2567 1641 2787 1707 deesse

441 1731 737 1814 Pompeii
782 1731 998 1814 saluti,
1044 1752 1189 1795 cum
1235 1732 1344 1795 ille
1392 1731 1739 1815 aliquando
1783 1753 1915 1795 non
1963 1730 2273 1795 defuisset
2308 1751 2519 1814 meae3
2564 1731 2786 1815 itaque

441 1821 543 1884 vel
591 1820 806 1885 officio
852 1821 955 1885 vel
1000 1820 1177 1884 fama
1222 1820 1540 1885 bonorum
1588 1820 1692 1886 vel
1739 1820 1984 1904 pudore
2030 1821 2266 1902 victus,
2314 1822 2390 1883 ut
2434 1820 2503 1882 in
2548 1819 2787 1885 fabulis

442 1909 895 1994 Amphiaraus,
942 1908 1034 1973 sic
1081 1929 1202 1993 ego
1249 1909 1531 1993 prudens
1579 1912 1646 1973 et
1693 1909 1902 1973 sciens
1951 1907 2031 1973 ad
2077 1911 2324 1991 pestem
2373 1911 2523 1972 ante
2565 1908 2788 1974 oculos

512 2141 561 2189 5.
594 2136 957 2207 providerim]
996 2134 1032 2188 i.
1071 2152 1118 2190 e.
1157 2152 1423 2205 „operam
1461 2137 1557 2191 de-

441 2206 638 2275 derim,
666 2222 737 2260 ne
767 2206 1137 2262 acciderent.“
1172 2205 1415 2273 Manut.;
1444 2206 1559 2276 vgl.

441 2276 535 2331 IV.
577 2283 625 2331 5.
664 2283 725 2331 3:
766 2278 1166 2345 providendum
1202 2283 1296 2345 est,
1331 2295 1400 2333 ne
1435 2284 1563 2343 etc.;

442 2349 644 2404 anders
697 2347 791 2402 III.
832 2354 916 2403 29.
959 2354 1013 2415 13
1061 2366 1157 2403 zur
1203 2348 1381 2404 Sache
1429 2367 1469 2404 s.
1519 2348 1560 2404 1.

440 2426 523 2475 30.
564 2425 613 2475 2.
649 2451 722 2459 —
756 2420 926 2491 hunc]
979 2419 1097 2474 scil.
1144 2418 1452 2475 Caesarem.
1492 2451 1559 2460 —

440 2491 708 2545 Eandam
748 2532 759 2545 .
798 2491 1006 2562 censui]
1055 2489 1359 2560 Pompejus
1403 2492 1561 2545 hatte

441 2567 511 2616 55
541 2561 633 2615 die
661 2559 899 2616 Provinz
930 2562 1177 2630 Spanien
1207 2563 1308 2616 auf
1331 2567 1362 2615 5
1389 2561 1562 2617 Jahre

439 2634 555 2686 und
583 2638 650 2687 52
678 2632 887 2688 wieder
914 2634 1015 2686 auf
1038 2638 1069 2686 5
1088 2631 1257 2687 Jahre
1288 2632 1559 2700 erhalten,

440 2703 593 2757 blieb
648 2705 783 2758 aber
836 2703 894 2757 in
940 2702 1083 2758 Rom
1132 2703 1249 2757 und
1293 2702 1420 2758 liess
1469 2704 1560 2757 die

439 2772 676 2829 Provinz
723 2773 901 2827 durch
939 2773 1189 2844 Legaten
1235 2774 1560 2829 verwalten.

438 2843 575 2899 Dass
612 2844 807 2898 Cicero
854 2844 1013 2899 nicht
1058 2844 1258 2900 immer
1294 2846 1400 2900 wie
1437 2844 1562 2900 hier

440 2914 693 2983 urteilte,
757 2915 954 2985 zeigen
1017 2916 1168 2971 seine
1224 2916 1421 2971 Worte
1488 2934 1562 2971 an

439 2984 662 3038 Atticus
709 2984 773 3039 V.
828 2991 910 3039 11.
951 2994 999 3042 3.
1040 2987 1095 3051 (i.
1134 2988 1185 3042 J.
1225 2989 1341 3056 51)=
1398 2987 1562 3043 Pom-

429 3057 595 3124 peias
628 3056 918 3112 videbatur
953 3060 1017 3112 in
1044 3059 1388 3127 Hispaniam
1424 3064 1563 3114 certe

437 3129 652 3195 itura-9,-
704 3129 766 3181 id
820 3144 914 3199 eqo
968 3130 1189 3184 minime
1236 3131 1558 3197 probabam.

438 3228 506 3237 -
544 3197 835 3253 Rationem
887 3200 1098 3270 haberi]
1155 3199 1367 3255 Friiher
1402 3202 1561 3256 hatte

438 3267 632 3324 Cicero
690 3273 949 3338 geraten,
1004 3288 1137 3325 man
1192 3271 1330 3326 solle
1390 3270 1562 3326 Casar

436 3338 595 3395 nicht
630 3343 931 3410 gestatten‚
970 3340 1089 3395 sich
1128 3342 1429 3396 abwesend
1463 3361 1558 3396 um

440 3412 542 3466 das
579 3410 857 3466 Konsulat
902 3431 970 3466 zu
1006 3411 1318 3467 bewerben.
1393 3414 1558 3466 Pom-

438 3483 601 3553 pejus
640 3482 764 3537 liess
797 3483 1006 3553 Jedoch
1046 3482 1218 3538 Casar
1255 3483 1354 3538 das
1381 3484 1558 3538 Privi-

437 3554 649 3623 legium
698 3573 765 3608 zu
801 3555 904 3609 teil
940 3553 1188 3621 werden,
1238 3555 1462 3610 machte
1499 3572 1559 3610 es

438 3626 573 3679 aber
623 3625 831 3680 wieder
875 3624 1194 3681 illusorisch
1241 3626 1415 3681 durch
1466 3628 1559 3681 ein

389 3722 407 3736 ·
437 3713 549 3750 von
602 3696 720 3750 ihm
776 3697 837 3750 in
891 3696 1212 3752 demselben
1267 3696 1302 3750 J
1306 3699 1439 3751 ahre
1489 3703 1557 3752 52

438 3768 751 3838 gegebenes
783 3767 983 3823 Gesetz
1022 3770 1089 3823 de
1120 3770 1242 3824 iure
1268 3770 1557 3838 mayistra-

434 3846 620 3907 tuum,
673 3840 911 3893 wonach
965 3840 1230 3894 niemand
1286 3840 1404 3895 sich
1462 3839 1557 3913 ab·

435 3910 660 3964 wesend
731 3928 825 3963 um
900 3909 991 3964 ein
1052 3912 1187 3965 Amt
1257 3910 1558 3966 bewerben

435 3980 639 4036 durfte.
725 3981 998 4052 Dagegen
1053 3983 1228 4036 erhob
1284 3982 1404 4036 sich
1460 3981 1559 4036 der

436 4052 649 4107 Tribun
667 4051 743 4107 M.
766 4052 985 4107 Caelius
1012 4054 1118 4107 mit
1137 4052 1265 4107 dem
1289 4052 1556 4121 Antrage,

438 4121 559 4175 dass
607 4122 775 4177 Casar
821 4139 930 4177 von
978 4124 1106 4178 dem
1154 4124 1383 4178 Gesetze
1430 4140 1558 4178 aus-

436 4208 787 4328 ἕέἧῖἲῗωὲἓ.
821 4194 1557 4335 ἔῖἓέᾱίἓοέἒῖι-,ἕὲἷὲῗέἑ

437 4348 561 4384 zum
622 4331 860 4402 Kampfe
924 4335 1132 4403 ffihste,
1196 4337 1555 4402 versicherte,

439 4419 545 4454 nur
581 4402 754 4456 durch
783 4404 1221 4474 Vergessenheit
1255 4407 1335 4460 sei
1373 4424 1431 4461 es
1461 4423 1553 4476 ge-

1669 2136 1955 2202 kommen‚
2003 2133 2127 2188 dass
2178 2151 2238 2189 er
2275 2135 2424 2190 diese
2464 2136 2788 2191 Ausnahme

1667 2206 1757 2260 fur
1779 2206 1949 2261 Oasar
1974 2206 2134 2259 nicht
2162 2204 2336 2260 sehon
2362 2207 2422 2260 in
2449 2206 2571 2260 sein
2592 2206 2791 2262 Gesetz

1669 2274 2114 2346 aufgenommen.
2179 2278 2339 2330 Auch
2368 2275 2561 2331 Cicero
2600 2280 2791 2333 unter-

1670 2349 1876 2402 stt‘itzte
1909 2348 2054 2417 jetzt
2089 2348 2200 2401 den
2224 2345 2461 2417 Antrag.
2517 2350 2640 2405 Att.
2668 2349 2791 2405 VH.

1672 2424 1717 2473 1.
1748 2423 1810 2473 4:
1859 2419 1929 2474 Ut
1961 2419 2051 2473 illi
2083 2420 2182 2474 hoe
2219 2419 2419 2488 liceret,
2454 2421 2672 2486 adiuvi,
2705 2437 2791 2476 ro-

1667 2495 1830 2559 yatus
1875 2490 1944 2544 ab
1989 2491 2110 2558 ipso
2155 2489 2457 2546 Ravennae
2501 2492 2567 2546 de
2608 2491 2793 2547 Caelio

1667 2563 1891 2616 tribuno
1931 2562 2123 2628 plebis.
2198 2559 2275 2614 Er
2320 2563 2513 2616 wollte
2552 2561 2793 2616 Schlim-

1667 2648 1845 2687 meres
1931 2633 2214 2686 verhfiten.
2333 2633 2475 2687 Dem
2558 2632 2793 2688 Gesetze

1668 2702 1859 2757 warde
1897 2703 2022 2757 eine
2049 2701 2284 2757 Klausel
2312 2722 2377 2757 zu
2405 2702 2660 2759 Gunsten
2689 2705 2792 2760 Οὔ,-

1670 2790 1788 2827 sars
1844 2773 2152 2844 beigeffigt.
2202 2806 2269 2815 —
2315 2776 2436 2844 ipso
2490 2777 2664 2847 cons]
2716 2794 2791 2831 sc.

1667 2843 1952 2913 Pompeio.

1740 2923 1786 2971 6.
1841 2916 2175 2987 movebatur]
2244 2916 2449 2971 ‘meine
2503 2917 2796 2987 Mahnung

1668 2985 1890 3042 machte
1913 2986 2200 3041 Eindruck
2227 2988 2328 3041 auf
2352 2988 2503 3055 ihn’;
2533 2988 2674 3043 aber
2701 2988 2795 3043 die

1665 3057 2035 3127 Pompejaner
2099 3058 2271 3112 sahen
2325 3059 2384 3112 in
2440 3059 2566 3113 dem
2626 3058 2794 3129 Siege

1668 3128 1759 3183 ein
1805 3128 2018 3195 Mittel,
2064 3129 2224 3183 ihren
2269 3130 2611 3184 zerrfitteten
2655 3130 2795 3185 Ver·

1665 3200 2316 3269 mogensverhaltnissen
2344 3204 2453 3268 (res
2470 3202 2640 3269 dom.)
2671 3200 2794 3255 auf-

1667 3271 1940 3327 zuhelfen.
1989 3302 2057 3312 —
2102 3273 2196 3326 sed
2240 3272 2419 3327 valuit
2462 3272 2585 3343 eta]
2633 3272 2793 3328 Fam.

1666 3341 1787 3396 VII.
1822 3349 1880 3396 3.
1924 3348 1978 3398 1:
2043 3344 2096 3398 si
2148 3359 2416 3397 manerem
2469 3345 2535 3397 in
2589 3344 2796 3412 Italia,

1664 3415 1941 3482 verebare,
1975 3430 2044 3468 ne
2071 3415 2255 3480 officio
2283 3415 2542 3480 deessem;
2577 3417 2631 3469 si
2658 3431 2796 3485 pro·

1663 3486 1931 3552 ficiseerer
1982 3485 2057 3540 aa
2102 3486 2297 3539 bellam
2307 3526 2326 3552 ‚
2372 3487 2687 3554 perieulum
2744 3492 2795 3540 te

1666 3573 1839 3610 meum
1858 3557 2214 3611 commovebat
2243 3599 2254 3611 .
2287 3599 2299 3610 .
2332 3598 2344 3609 .
2368 3558 2580 3624 pudori
2605 3563 2796 3612 tamen

1663 3627 1841 3681 malui
1870 3628 2155 3697 famaeque
2189 3628 2369 3682 cedere
2397 3645 2562 3696 quam
2588 3629 2794 3684 salutis

1663 3714 1810 3752 meae
1833 3699 2102 3752 rationem
2129 3700 2333 3753 ducere.
2360 3729 2428 3739 —
2458 3700 2792 3770 aliquando]

1666 3769 1759 3822 bei
1786 3769 2005 3823 Ciceros
2035 3769 2532 3840 Zun’ickberufung
2561 3788 2665 3825 aus
2695 3771 2797 3824 der

1663 3839 2058 3910 Verbannung.
2087 3872 2160 3880 —
2186 3841 2341 3907 fama
2368 3842 2660 3911 bonoram]
2691 3842 2796 3896 der

1665 3910 1781 3964 Ruf
1803 3910 1913 3965 bei
1932 3937 2000 3957 -=
2021 3910 2121 3965 das
2151 3911 2331 3966 Urteil
2360 3910 2460 3966 der
2478 3912 2795 3967 Patrioten.

1666 4013 1733 4021 —
1813 3984 1876 4036 in
1947 3983 2187 4053 fabalis]
2261 3982 2340 4036 im
2405 3982 2795 4052 Schauspiele.

1664 4053 1799 4106 Man
1834 4056 2139 4121 vermutet,
2188 4052 2309 4108 dass
2346 4052 2437 4107 die
2477 4055 2676 4109 Worte
2715 4056 2798 4110 ad

1659 4131 1859 4193 pestem
1907 4156 1973 4164 —
2061 4126 2258 4179 ositam
2303 4125 2457 4179 einer
2503 4124 2796 4195 Tragodie

1663 4195 1778 4249 und
1816 4211 1963 4249 zwar
2048 4213 2107 4250 er
2142 4195 2407 4266 Eriphyle
2445 4197 2541 4251 des
2579 4197 2795 4251 Accius

1666 4269 2023 4320 entnommen
2058 4288 2073 4305 ε
2101 4267 2242 4321 sind.
2300 4298 2367 4307 —-
2421 4268 2667 4336 prudens
2742 4273 2797 4322 et

1663 4339 1859 4406 sciens]
1941 4337 2019 4391 ist
2101 4338 2226 4393 eine
2305 4337 2797 4408 sprichwbrtliche

1665 4407 1990 4462 Redensart.
