<?xml version="1.0" encoding="UTF-8"?>
<!DOCTYPE html PUBLIC "-//W3C//DTD XHTML 1.0 Transitional//EN"
    "http://www.w3.org/TR/xhtml1/DTD/xhtml1-transitional.dtd">
<html xmlns="http://www.w3.org/1999/xhtml" xml:lang="en" lang="en">
 <head>
  <title>
</title>
<meta http-equiv="Content-Type" content="text/html;charset=utf-8" />
  <meta name='ocr-system' content='tesseract 3.04.00' />
  <meta name='ocr-capabilities' content='ocr_page ocr_carea ocr_par ocr_line ocrx_word'/>
</head>
<body>
  <div class='ocr_page' id='page_1' title='image "ausgewhltebrief02freygoog_0218.png"; bbox 0 0 3000 4917; ppageno 0'>
   <div class='ocr_carea' id='block_1_1' title="bbox 486 219 2074 283">
    <p class='ocr_par' dir='ltr' id='par_1_1' title="bbox 486 219 2074 283">
     <span class='ocr_line' id='line_1_1' title="bbox 486 219 2074 283; baseline 0.005 -13"><span class='ocrx_word' id='word_1_1' title='bbox 486 220 619 283; x_wconf 77' lang='grc'>204</span> <span class='ocrx_word' id='word_1_2' title='bbox 1243 220 1377 277; x_wconf 87' lang='lat' dir='ltr'>LIB.</span> <span class='ocrx_word' id='word_1_3' title='bbox 1414 220 1512 277; x_wconf 91' lang='lat' dir='ltr'><strong>III.</strong></span> <span class='ocrx_word' id='word_1_4' title='bbox 1578 219 1805 278; x_wconf 87' lang='lat' dir='ltr'>EPIST.</span> <span class='ocrx_word' id='word_1_5' title='bbox 1844 226 2074 278; x_wconf 79' lang='lat'>34-37.</span> 
     </span>
    </p>
   </div>
   <div class='ocr_carea' id='block_1_2' title="bbox 488 382 2813 560">
    <p class='ocr_par' dir='ltr' id='par_1_2' title="bbox 488 382 2813 560">
     <span class='ocr_line' id='line_1_2' title="bbox 488 382 2813 468; baseline 0.002 -21"><span class='ocrx_word' id='word_1_6' title='bbox 488 382 764 447; x_wconf 89' lang='lat' dir='ltr'>oblitum</span> <span class='ocrx_word' id='word_1_7' title='bbox 839 384 995 468; x_wconf 81' lang='lat' dir='ltr'>mei3</span> <span class='ocrx_word' id='word_1_8' title='bbox 1068 385 1296 468; x_wconf 89' lang='lat' dir='ltr'>quanti</span> <span class='ocrx_word' id='word_1_9' title='bbox 1362 382 1536 447; x_wconf 89' lang='lat' dir='ltr'>enim</span> <span class='ocrx_word' id='word_1_10' title='bbox 1600 405 1702 447; x_wconf 91' lang='lat' dir='ltr'>me</span> <span class='ocrx_word' id='word_1_11' title='bbox 1761 384 2003 448; x_wconf 88' lang='lat' dir='ltr'>faceres</span> <span class='ocrx_word' id='word_1_12' title='bbox 2071 405 2216 448; x_wconf 91' lang='lat' dir='ltr'>cum</span> <span class='ocrx_word' id='word_1_13' title='bbox 2283 406 2363 449; x_wconf 84' lang='lat' dir='ltr'>ex</span> <span class='ocrx_word' id='word_1_14' title='bbox 2426 387 2813 451; x_wconf 83' lang='lat' dir='ltr'>sermonibus</span> 
     </span>
     <span class='ocr_line' id='line_1_3' title="bbox 488 471 2813 560; baseline 0.002 -26"><span class='ocrx_word' id='word_1_15' title='bbox 488 471 832 536; x_wconf 74' lang='lat' dir='ltr'><strong>cotidianis</strong></span> <span class='ocrx_word' id='word_1_16' title='bbox 880 472 1063 555; x_wconf 89' lang='lat' dir='ltr'>meis,</span> <span class='ocrx_word' id='word_1_17' title='bbox 1107 475 1248 536; x_wconf 90' lang='lat' dir='ltr'>tum</span> <span class='ocrx_word' id='word_1_18' title='bbox 1295 494 1372 536; x_wconf 87' lang='lat' dir='ltr'>ex</span> <span class='ocrx_word' id='word_1_19' title='bbox 1420 472 1715 556; x_wconf 73' lang='lat' dir='ltr'>epistulis</span> <span class='ocrx_word' id='word_1_20' title='bbox 1764 473 1962 537; x_wconf 89' lang='lat' dir='ltr'>etiam</span> <span class='ocrx_word' id='word_1_21' title='bbox 2000 472 2130 537; x_wconf 88' lang='lat' dir='ltr'>tuis</span> <span class='ocrx_word' id='word_1_22' title='bbox 2168 473 2385 557; x_wconf 89' lang='lat' dir='ltr'>potuit</span> <span class='ocrx_word' id='word_1_23' title='bbox 2421 496 2813 560; x_wconf 78' lang='lat' dir='ltr'>cognoscere.</span> 
     </span>
    </p>
   </div>
   <div class='ocr_carea' id='block_1_3' title="bbox 1327 763 1990 963">
    <p class='ocr_par' dir='ltr' id='par_1_3' title="bbox 1327 763 1990 963">
     <span class='ocr_line' id='line_1_4' title="bbox 1327 763 1990 838; baseline 0.005 -3"><span class='ocrx_word' id='word_1_24' title='bbox 1327 763 1680 837; x_wconf 76' lang='lat' dir='ltr'><strong>EPISTULA</strong></span> <span class='ocrx_word' id='word_1_25' title='bbox 1723 770 1990 838; x_wconf 90' lang='lat' dir='ltr'>XXXV.</span> 
     </span>
     <span class='ocr_line' id='line_1_5' title="bbox 1366 891 1952 963; baseline 0.005 -19"><span class='ocrx_word' id='word_1_26' title='bbox 1366 892 1475 961; x_wconf 70' lang='lat' dir='ltr'>(Aa</span> <span class='ocrx_word' id='word_1_27' title='bbox 1504 892 1637 946; x_wconf 80' lang='lat' dir='ltr'>fam.</span> <span class='ocrx_word' id='word_1_28' title='bbox 1665 891 1811 948; x_wconf 81' lang='lat' dir='ltr'>xm.</span> <span class='ocrx_word' id='word_1_29' title='bbox 1843 897 1952 963; x_wconf 79' lang='lat'>24.)</span> 
     </span>
    </p>
   </div>
   <div class='ocr_carea' id='block_1_4' title="bbox 1232 1014 2091 1070">
    <p class='ocr_par' dir='ltr' id='par_1_4' title="bbox 1232 1014 2091 1070">
     <span class='ocr_line' id='line_1_6' title="bbox 1232 1014 2091 1070; baseline 0.002 -2"><span class='ocrx_word' id='word_1_30' title='bbox 1232 1014 1535 1069; x_wconf 84' lang='lat' dir='ltr'>CICERO</span> <span class='ocrx_word' id='word_1_31' title='bbox 1577 1014 1886 1070; x_wconf 86' lang='lat' dir='ltr'>SERVIO</span> <span class='ocrx_word' id='word_1_32' title='bbox 1927 1014 2091 1070; x_wconf 86' lang='lat' dir='ltr'><strong>SAL.</strong></span> 
     </span>
    </p>
   </div>
   <div class='ocr_carea' id='block_1_5' title="bbox 425 1139 2823 3259">
    <p class='ocr_par' dir='ltr' id='par_1_5' title="bbox 427 1139 2823 1758">
     <span class='ocr_line' id='line_1_7' title="bbox 427 1139 2821 1229; baseline -0 -20"><span class='ocrx_word' id='word_1_33' title='bbox 427 1147 463 1209; x_wconf 86' lang='lat'>1</span> <span class='ocrx_word' id='word_1_34' title='bbox 665 1139 828 1207; x_wconf 84' lang='lat' dir='ltr'>Cum</span> <span class='ocrx_word' id='word_1_35' title='bbox 889 1145 1081 1206; x_wconf 91' lang='lat' dir='ltr'>antea</span> <span class='ocrx_word' id='word_1_36' title='bbox 1145 1143 1480 1226; x_wconf 85' lang='lat' dir='ltr'>capiebam</span> <span class='ocrx_word' id='word_1_37' title='bbox 1548 1164 1624 1206; x_wconf 88' lang='lat' dir='ltr'>ex</span> <span class='ocrx_word' id='word_1_38' title='bbox 1691 1141 1904 1207; x_wconf 87' lang='lat' dir='ltr'>officio</span> <span class='ocrx_word' id='word_1_39' title='bbox 1970 1166 2113 1208; x_wconf 89' lang='lat' dir='ltr'>meo</span> <span class='ocrx_word' id='word_1_40' title='bbox 2169 1146 2604 1229; x_wconf 85' lang='lat' dir='ltr'>voluptatem,</span> <span class='ocrx_word' id='word_1_41' title='bbox 2669 1143 2821 1229; x_wconf 90' lang='lat' dir='ltr'>quod</span> 
     </span>
     <span class='ocr_line' id='line_1_8' title="bbox 489 1229 2820 1318; baseline 0.001 -24"><span class='ocrx_word' id='word_1_42' title='bbox 489 1229 926 1311; x_wconf 86' lang='lat' dir='ltr'>memineram,</span> <span class='ocrx_word' id='word_1_43' title='bbox 973 1252 1165 1313; x_wconf 90' lang='lat' dir='ltr'>quam</span> <span class='ocrx_word' id='word_1_44' title='bbox 1215 1231 1337 1294; x_wconf 88' lang='lat' dir='ltr'>tibi</span> <span class='ocrx_word' id='word_1_45' title='bbox 1385 1230 1730 1316; x_wconf 78' lang='lat' dir='ltr'>diligenter</span> <span class='ocrx_word' id='word_1_46' title='bbox 1773 1229 2114 1315; x_wconf 84' lang='lat' dir='ltr'>Lysonem,</span> <span class='ocrx_word' id='word_1_47' title='bbox 2161 1233 2490 1318; x_wconf 89' lang='lat' dir='ltr'>hospitem</span> <span class='ocrx_word' id='word_1_48' title='bbox 2542 1236 2609 1297; x_wconf 91' lang='lat' dir='ltr'>et</span> <span class='ocrx_word' id='word_1_49' title='bbox 2655 1233 2820 1297; x_wconf 87' lang='lat' dir='ltr'>fami-</span> 
     </span>
     <span class='ocr_line' id='line_1_9' title="bbox 487 1319 2819 1406; baseline 0.002 -25"><span class='ocrx_word' id='word_1_50' title='bbox 487 1319 714 1382; x_wconf 88' lang='lat' dir='ltr'>liarem</span> <span class='ocrx_word' id='word_1_51' title='bbox 753 1339 987 1401; x_wconf 91' lang='lat' dir='ltr'>meum,</span> <span class='ocrx_word' id='word_1_52' title='bbox 1025 1319 1598 1402; x_wconf 85' lang='lat' dir='ltr'>commendassem,</span> <span class='ocrx_word' id='word_1_53' title='bbox 1635 1322 1776 1383; x_wconf 89' lang='lat' dir='ltr'>tum</span> <span class='ocrx_word' id='word_1_54' title='bbox 1806 1342 1977 1405; x_wconf 85' lang='lat' dir='ltr'>vero,</span> <span class='ocrx_word' id='word_1_55' title='bbox 2014 1325 2445 1406; x_wconf 75' lang='lat' dir='ltr'>posteaquam</span> <span class='ocrx_word' id='word_1_56' title='bbox 2486 1345 2568 1387; x_wconf 87' lang='lat' dir='ltr'>ex</span> <span class='ocrx_word' id='word_1_57' title='bbox 2606 1321 2819 1386; x_wconf 86' lang='lat' dir='ltr'>litteris</span> 
     </span>
     <span class='ocr_line' id='line_1_10' title="bbox 487 1407 2819 1494; baseline 0.001 -24"><span class='ocrx_word' id='word_1_58' title='bbox 487 1407 625 1470; x_wconf 89' lang='lat' dir='ltr'>eius</span> <span class='ocrx_word' id='word_1_59' title='bbox 673 1407 946 1489; x_wconf 84' lang='lat' dir='ltr'>cognovi</span> <span class='ocrx_word' id='word_1_60' title='bbox 990 1407 1114 1470; x_wconf 88' lang='lat' dir='ltr'>tibi</span> <span class='ocrx_word' id='word_1_61' title='bbox 1160 1429 1305 1471; x_wconf 90' lang='lat' dir='ltr'>eum</span> <span class='ocrx_word' id='word_1_62' title='bbox 1350 1407 1520 1472; x_wconf 87' lang='lat' dir='ltr'>falso</span> <span class='ocrx_word' id='word_1_63' title='bbox 1571 1413 1945 1491; x_wconf 90' lang='lat' dir='ltr'>suspectum</span> <span class='ocrx_word' id='word_1_64' title='bbox 1991 1409 2220 1494; x_wconf 87' lang='lat' dir='ltr'>fuisse,</span> <span class='ocrx_word' id='word_1_65' title='bbox 2266 1410 2819 1475; x_wconf 84' lang='lat' dir='ltr'>vehementissime</span> 
     </span>
     <span class='ocr_line' id='line_1_11' title="bbox 487 1495 2821 1582; baseline 0.002 -24"><span class='ocrx_word' id='word_1_66' title='bbox 487 1495 765 1559; x_wconf 88' lang='lat' dir='ltr'>laetatus</span> <span class='ocrx_word' id='word_1_67' title='bbox 823 1517 966 1559; x_wconf 92' lang='lat' dir='ltr'>sum</span> <span class='ocrx_word' id='word_1_68' title='bbox 1023 1517 1126 1559; x_wconf 90' lang='lat' dir='ltr'>me</span> <span class='ocrx_word' id='word_1_69' title='bbox 1182 1500 1318 1560; x_wconf 89' lang='lat' dir='ltr'>tam</span> <span class='ocrx_word' id='word_1_70' title='bbox 1374 1497 1753 1581; x_wconf 74' lang='lat' dir='ltr'>diligentem</span> <span class='ocrx_word' id='word_1_71' title='bbox 1811 1498 1877 1561; x_wconf 89' lang='lat' dir='ltr'>in</span> <span class='ocrx_word' id='word_1_72' title='bbox 1925 1519 2000 1562; x_wconf 91' lang='lat' dir='ltr'>eo</span> <span class='ocrx_word' id='word_1_73' title='bbox 2049 1499 2561 1564; x_wconf 88' lang='lat' dir='ltr'>commendando</span> <span class='ocrx_word' id='word_1_74' title='bbox 2610 1498 2821 1582; x_wconf 79' lang='lat' dir='ltr'>fuisse3</span> 
     </span>
     <span class='ocr_line' id='line_1_12' title="bbox 487 1583 2819 1669; baseline 0.001 -23"><span class='ocrx_word' id='word_1_75' title='bbox 487 1584 580 1646; x_wconf 88' lang='lat' dir='ltr'>ita</span> <span class='ocrx_word' id='word_1_76' title='bbox 628 1584 797 1647; x_wconf 89' lang='lat' dir='ltr'>enim</span> <span class='ocrx_word' id='word_1_77' title='bbox 846 1583 1105 1669; x_wconf 87' lang='lat' dir='ltr'>scripsit</span> <span class='ocrx_word' id='word_1_78' title='bbox 1150 1584 1230 1648; x_wconf 94' lang='lat' dir='ltr'>ad</span> <span class='ocrx_word' id='word_1_79' title='bbox 1278 1607 1399 1667; x_wconf 91' lang='lat' dir='ltr'>me,</span> <span class='ocrx_word' id='word_1_80' title='bbox 1447 1585 1573 1649; x_wconf 89' lang='lat' dir='ltr'>sibi</span> <span class='ocrx_word' id='word_1_81' title='bbox 1619 1607 1833 1649; x_wconf 91' lang='lat' dir='ltr'>meam</span> <span class='ocrx_word' id='word_1_82' title='bbox 1881 1588 2509 1652; x_wconf 88' lang='lat' dir='ltr'>commendationem</span> <span class='ocrx_word' id='word_1_83' title='bbox 2559 1589 2819 1652; x_wconf 84' lang='lat' dir='ltr'>maximo</span> 
     </span>
     <span class='ocr_line' id='line_1_13' title="bbox 489 1672 2823 1758; baseline 0.001 -21"><span class='ocrx_word' id='word_1_84' title='bbox 489 1673 861 1739; x_wconf 88' lang='lat' dir='ltr'>adiumento</span> <span class='ocrx_word' id='word_1_85' title='bbox 924 1672 1156 1757; x_wconf 88' lang='lat' dir='ltr'>fuisse,</span> <span class='ocrx_word' id='word_1_86' title='bbox 1233 1674 1404 1758; x_wconf 90' lang='lat' dir='ltr'>quod</span> <span class='ocrx_word' id='word_1_87' title='bbox 1470 1674 1552 1738; x_wconf 86' lang='lat' dir='ltr'>ad</span> <span class='ocrx_word' id='word_1_88' title='bbox 1616 1677 1679 1749; x_wconf 81' lang='lat' dir='ltr'>te</span> <span class='ocrx_word' id='word_1_89' title='bbox 1746 1674 2030 1739; x_wconf 90' lang='lat' dir='ltr'>delatum</span> <span class='ocrx_word' id='word_1_90' title='bbox 2096 1675 2336 1741; x_wconf 90' lang='lat' dir='ltr'>diceret</span> <span class='ocrx_word' id='word_1_91' title='bbox 2402 1698 2547 1741; x_wconf 91' lang='lat' dir='ltr'>sese</span> <span class='ocrx_word' id='word_1_92' title='bbox 2617 1679 2823 1741; x_wconf 88' lang='lat' dir='ltr'>contra</span> 
     </span>
    </p>

    <p class='ocr_par' dir='ltr' id='par_1_6' title="bbox 425 1761 2823 2645">
     <span class='ocr_line' id='line_1_14' title="bbox 425 1761 2822 1847; baseline 0 -20"><span class='ocrx_word' id='word_1_93' title='bbox 425 1761 873 1845; x_wconf 79' lang='lat' dir='ltr'>2dignitatem</span> <span class='ocrx_word' id='word_1_94' title='bbox 927 1765 1112 1826; x_wconf 90' lang='lat' dir='ltr'>tuam</span> <span class='ocrx_word' id='word_1_95' title='bbox 1168 1761 1413 1827; x_wconf 89' lang='lat' dir='ltr'>Romae</span> <span class='ocrx_word' id='word_1_96' title='bbox 1475 1763 1553 1827; x_wconf 92' lang='lat' dir='ltr'>de</span> <span class='ocrx_word' id='word_1_97' title='bbox 1608 1766 1675 1826; x_wconf 91' lang='lat' dir='ltr'>te</span> <span class='ocrx_word' id='word_1_98' title='bbox 1730 1763 1909 1846; x_wconf 90' lang='lat' dir='ltr'>loqui</span> <span class='ocrx_word' id='word_1_99' title='bbox 1966 1763 2231 1829; x_wconf 89' lang='lat' dir='ltr'>solitum</span> <span class='ocrx_word' id='word_1_100' title='bbox 2293 1786 2455 1828; x_wconf 90' lang='lat' dir='ltr'>esse.</span> <span class='ocrx_word' id='word_1_101' title='bbox 2561 1764 2657 1828; x_wconf 90' lang='lat' dir='ltr'>De</span> <span class='ocrx_word' id='word_1_102' title='bbox 2715 1784 2822 1847; x_wconf 91' lang='lat' dir='ltr'>quo</span> 
     </span>
     <span class='ocr_line' id='line_1_15' title="bbox 488 1850 2823 1938; baseline 0 -25"><span class='ocrx_word' id='word_1_103' title='bbox 488 1850 612 1914; x_wconf 88' lang='lat' dir='ltr'>etsi</span> <span class='ocrx_word' id='word_1_104' title='bbox 658 1873 774 1934; x_wconf 88' lang='lat' dir='ltr'>pro</span> <span class='ocrx_word' id='word_1_105' title='bbox 822 1854 938 1914; x_wconf 88' lang='lat' dir='ltr'>tua</span> <span class='ocrx_word' id='word_1_106' title='bbox 983 1851 1303 1916; x_wconf 87' lang='lat' dir='ltr'>facilitate</span> <span class='ocrx_word' id='word_1_107' title='bbox 1351 1855 1416 1915; x_wconf 91' lang='lat' dir='ltr'>et</span> <span class='ocrx_word' id='word_1_108' title='bbox 1463 1850 1870 1915; x_wconf 89' lang='lat' dir='ltr'>humanitate</span> <span class='ocrx_word' id='word_1_109' title='bbox 1917 1858 2266 1938; x_wconf 88' lang='lat' dir='ltr'>purgatum</span> <span class='ocrx_word' id='word_1_110' title='bbox 2315 1874 2383 1917; x_wconf 91' lang='lat' dir='ltr'>se</span> <span class='ocrx_word' id='word_1_111' title='bbox 2437 1854 2567 1918; x_wconf 87' lang='lat' dir='ltr'>tibi</span> <span class='ocrx_word' id='word_1_112' title='bbox 2615 1852 2823 1918; x_wconf 90' lang='lat' dir='ltr'>scribit</span> 
     </span>
     <span class='ocr_line' id='line_1_16' title="bbox 489 1939 2822 2027; baseline 0 -25"><span class='ocrx_word' id='word_1_113' title='bbox 489 1959 646 2020; x_wconf 91' lang='lat' dir='ltr'>esse,</span> <span class='ocrx_word' id='word_1_114' title='bbox 692 1943 913 2003; x_wconf 89' lang='lat' dir='ltr'>tamen</span> <span class='ocrx_word' id='word_1_115' title='bbox 951 1939 1250 2022; x_wconf 88' lang='lat' dir='ltr'>primum,</span> <span class='ocrx_word' id='word_1_116' title='bbox 1298 1944 1369 2002; x_wconf 90' lang='lat' dir='ltr'>ut</span> <span class='ocrx_word' id='word_1_117' title='bbox 1416 1939 1634 2022; x_wconf 87' lang='lat' dir='ltr'>debeo,</span> <span class='ocrx_word' id='word_1_118' title='bbox 1678 1939 1801 2003; x_wconf 89' lang='lat' dir='ltr'>tibi</span> <span class='ocrx_word' id='word_1_119' title='bbox 1842 1941 2155 2005; x_wconf 86' lang='lat' dir='ltr'>maximas</span> <span class='ocrx_word' id='word_1_120' title='bbox 2204 1942 2453 2027; x_wconf 85' lang='lat' dir='ltr'>gratias</span> <span class='ocrx_word' id='word_1_121' title='bbox 2505 1962 2651 2027; x_wconf 89' lang='lat' dir='ltr'>ag0,</span> <span class='ocrx_word' id='word_1_122' title='bbox 2694 1962 2822 2005; x_wconf 88' lang='lat' dir='ltr'>cum</span> 
     </span>
     <span class='ocr_line' id='line_1_17' title="bbox 488 2027 2823 2110; baseline 0 -20"><span class='ocrx_word' id='word_1_123' title='bbox 488 2031 743 2090; x_wconf 89' lang='lat' dir='ltr'>tantum</span> <span class='ocrx_word' id='word_1_124' title='bbox 773 2027 1030 2091; x_wconf 89' lang='lat' dir='ltr'>litterae</span> <span class='ocrx_word' id='word_1_125' title='bbox 1061 2049 1240 2091; x_wconf 89' lang='lat' dir='ltr'>meae</span> <span class='ocrx_word' id='word_1_126' title='bbox 1270 2031 1639 2110; x_wconf 87' lang='lat' dir='ltr'>potuerunt,</span> <span class='ocrx_word' id='word_1_127' title='bbox 1678 2032 1752 2092; x_wconf 92' lang='lat' dir='ltr'>ut</span> <span class='ocrx_word' id='word_1_128' title='bbox 1780 2028 1860 2092; x_wconf 90' lang='lat' dir='ltr'>iis</span> <span class='ocrx_word' id='word_1_129' title='bbox 1899 2031 2082 2093; x_wconf 89' lang='lat' dir='ltr'>lectis</span> <span class='ocrx_word' id='word_1_130' title='bbox 2121 2051 2377 2094; x_wconf 88' lang='lat' dir='ltr'>omnem</span> <span class='ocrx_word' id='word_1_131' title='bbox 2418 2031 2823 2095; x_wconf 88' lang='lat' dir='ltr'>offensionem</span> 
     </span>
     <span class='ocr_line' id='line_1_18' title="bbox 488 2114 2822 2201; baseline 0 -22"><span class='ocrx_word' id='word_1_132' title='bbox 488 2115 897 2199; x_wconf 88' lang='lat' dir='ltr'>suspicionis,</span> <span class='ocrx_word' id='word_1_133' title='bbox 936 2137 1128 2198; x_wconf 88' lang='lat' dir='ltr'>quam</span> <span class='ocrx_word' id='word_1_134' title='bbox 1158 2114 1479 2180; x_wconf 88' lang='lat' dir='ltr'>habueras</span> <span class='ocrx_word' id='word_1_135' title='bbox 1512 2117 1587 2179; x_wconf 91' lang='lat' dir='ltr'>de</span> <span class='ocrx_word' id='word_1_136' title='bbox 1616 2116 1896 2200; x_wconf 85' lang='lat' dir='ltr'>Lysone,</span> <span class='ocrx_word' id='word_1_137' title='bbox 1935 2118 2316 2201; x_wconf 82' lang='lat' dir='ltr'>deponeres3</span> <span class='ocrx_word' id='word_1_138' title='bbox 2354 2118 2589 2182; x_wconf 89' lang='lat' dir='ltr'>deinde</span> <span class='ocrx_word' id='word_1_139' title='bbox 2622 2118 2822 2184; x_wconf 86' lang='lat' dir='ltr'>eredas</span> 
     </span>
     <span class='ocr_line' id='line_1_19' title="bbox 487 2202 2822 2292; baseline 0.001 -26"><span class='ocrx_word' id='word_1_140' title='bbox 487 2202 650 2266; x_wconf 89' lang='lat' dir='ltr'>mihi</span> <span class='ocrx_word' id='word_1_141' title='bbox 705 2203 1076 2267; x_wconf 86' lang='lat' dir='ltr'>adfirmanti</span> <span class='ocrx_word' id='word_1_142' title='bbox 1129 2204 1324 2267; x_wconf 79' lang='lat' dir='ltr'>velim</span> <span class='ocrx_word' id='word_1_143' title='bbox 1380 2226 1483 2268; x_wconf 91' lang='lat' dir='ltr'>me</span> <span class='ocrx_word' id='word_1_144' title='bbox 1539 2206 1663 2269; x_wconf 90' lang='lat' dir='ltr'>hoc</span> <span class='ocrx_word' id='word_1_145' title='bbox 1717 2227 1850 2270; x_wconf 90' lang='lat' dir='ltr'>non</span> <span class='ocrx_word' id='word_1_146' title='bbox 1906 2228 2022 2291; x_wconf 89' lang='lat' dir='ltr'>pro</span> <span class='ocrx_word' id='word_1_147' title='bbox 2061 2205 2317 2288; x_wconf 86' lang='lat' dir='ltr'>Lysone</span> <span class='ocrx_word' id='word_1_148' title='bbox 2375 2209 2592 2292; x_wconf 88' lang='lat' dir='ltr'>magis</span> <span class='ocrx_word' id='word_1_149' title='bbox 2650 2226 2822 2291; x_wconf 90' lang='lat' dir='ltr'>quam</span> 
     </span>
     <span class='ocr_line' id='line_1_20' title="bbox 486 2293 2820 2381; baseline 0.001 -26"><span class='ocrx_word' id='word_1_150' title='bbox 486 2314 606 2376; x_wconf 88' lang='lat' dir='ltr'>pro</span> <span class='ocrx_word' id='word_1_151' title='bbox 664 2293 963 2356; x_wconf 89' lang='lat' dir='ltr'>omnibus</span> <span class='ocrx_word' id='word_1_152' title='bbox 1020 2293 1324 2373; x_wconf 89' lang='lat' dir='ltr'>scribere,</span> <span class='ocrx_word' id='word_1_153' title='bbox 1379 2293 1710 2358; x_wconf 90' lang='lat' dir='ltr'>hominem</span> <span class='ocrx_word' id='word_1_154' title='bbox 1767 2316 1906 2359; x_wconf 91' lang='lat' dir='ltr'>esse</span> <span class='ocrx_word' id='word_1_155' title='bbox 1964 2296 2318 2372; x_wconf 88' lang='lat' dir='ltr'>neminem,</span> <span class='ocrx_word' id='word_1_156' title='bbox 2386 2296 2497 2379; x_wconf 88' lang='lat' dir='ltr'>qui</span> <span class='ocrx_word' id='word_1_157' title='bbox 2556 2315 2820 2381; x_wconf 87' lang='lat' dir='ltr'>unquam</span> 
     </span>
     <span class='ocr_line' id='line_1_21' title="bbox 488 2381 2819 2467; baseline 0 -23"><span class='ocrx_word' id='word_1_158' title='bbox 488 2381 888 2445; x_wconf 90' lang='lat' dir='ltr'>mentionem</span> <span class='ocrx_word' id='word_1_159' title='bbox 934 2381 1030 2445; x_wconf 90' lang='lat' dir='ltr'>tui</span> <span class='ocrx_word' id='word_1_160' title='bbox 1079 2381 1217 2444; x_wconf 91' lang='lat' dir='ltr'>sine</span> <span class='ocrx_word' id='word_1_161' title='bbox 1265 2386 1377 2445; x_wconf 89' lang='lat' dir='ltr'>tua</span> <span class='ocrx_word' id='word_1_162' title='bbox 1424 2404 1677 2447; x_wconf 88' lang='lat' dir='ltr'>summa</span> <span class='ocrx_word' id='word_1_163' title='bbox 1723 2383 1912 2447; x_wconf 90' lang='lat' dir='ltr'>laude</span> <span class='ocrx_word' id='word_1_164' title='bbox 1959 2383 2209 2467; x_wconf 81' lang='lat' dir='ltr'>fecerit3</span> <span class='ocrx_word' id='word_1_165' title='bbox 2265 2382 2440 2467; x_wconf 94' lang='lat' dir='ltr'>Lyso</span> <span class='ocrx_word' id='word_1_166' title='bbox 2491 2407 2646 2449; x_wconf 86' lang='lat' dir='ltr'>vero</span> <span class='ocrx_word' id='word_1_167' title='bbox 2692 2403 2819 2447; x_wconf 91' lang='lat' dir='ltr'>cum</span> 
     </span>
     <span class='ocr_line' id='line_1_22' title="bbox 489 2470 2820 2557; baseline -0 -24"><span class='ocrx_word' id='word_1_168' title='bbox 489 2490 739 2533; x_wconf 89' lang='lat' dir='ltr'>mecum</span> <span class='ocrx_word' id='word_1_169' title='bbox 795 2491 996 2553; x_wconf 88' lang='lat' dir='ltr'>prope</span> <span class='ocrx_word' id='word_1_170' title='bbox 1054 2470 1290 2535; x_wconf 86' lang='lat' dir='ltr'>cotidie</span> <span class='ocrx_word' id='word_1_171' title='bbox 1347 2474 1521 2534; x_wconf 88' lang='lat' dir='ltr'>esset</span> <span class='ocrx_word' id='word_1_172' title='bbox 1573 2493 1828 2555; x_wconf 88' lang='lat' dir='ltr'>unaque</span> <span class='ocrx_word' id='word_1_173' title='bbox 1883 2472 2154 2554; x_wconf 85' lang='lat' dir='ltr'>viveret,</span> <span class='ocrx_word' id='word_1_174' title='bbox 2209 2494 2344 2536; x_wconf 91' lang='lat' dir='ltr'>non</span> <span class='ocrx_word' id='word_1_175' title='bbox 2391 2474 2631 2557; x_wconf 89' lang='lat' dir='ltr'>solum,</span> <span class='ocrx_word' id='word_1_176' title='bbox 2687 2471 2820 2556; x_wconf 89' lang='lat' dir='ltr'>quia</span> 
     </span>
     <span class='ocr_line' id='line_1_23' title="bbox 487 2558 2820 2645; baseline 0 -23"><span class='ocrx_word' id='word_1_177' title='bbox 487 2559 767 2622; x_wconf 90' lang='lat' dir='ltr'>libenter</span> <span class='ocrx_word' id='word_1_178' title='bbox 814 2580 916 2621; x_wconf 90' lang='lat' dir='ltr'>me</span> <span class='ocrx_word' id='word_1_179' title='bbox 964 2558 1183 2623; x_wconf 90' lang='lat' dir='ltr'>audire</span> <span class='ocrx_word' id='word_1_180' title='bbox 1232 2559 1690 2643; x_wconf 88' lang='lat' dir='ltr'>arbitrabatur,</span> <span class='ocrx_word' id='word_1_181' title='bbox 1741 2560 1851 2623; x_wconf 81' lang='lat' dir='ltr'>secl</span> <span class='ocrx_word' id='word_1_182' title='bbox 1900 2562 2051 2644; x_wconf 88' lang='lat' dir='ltr'>quia</span> <span class='ocrx_word' id='word_1_183' title='bbox 2095 2561 2405 2626; x_wconf 90' lang='lat' dir='ltr'>libentius</span> <span class='ocrx_word' id='word_1_184' title='bbox 2442 2561 2586 2645; x_wconf 91' lang='lat' dir='ltr'>ipse</span> <span class='ocrx_word' id='word_1_185' title='bbox 2623 2561 2820 2644; x_wconf 91' lang='lat' dir='ltr'>loque·</span> 
     </span>
    </p>

    <p class='ocr_par' dir='ltr' id='par_1_7' title="bbox 428 2647 2820 3259">
     <span class='ocr_line' id='line_1_24' title="bbox 428 2647 2820 2734; baseline -0.001 -21"><span class='ocrx_word' id='word_1_186' title='bbox 428 2649 469 2713; x_wconf 82' lang='lat'><strong>3</strong></span> <span class='ocrx_word' id='word_1_187' title='bbox 490 2648 699 2730; x_wconf 88' lang='lat' dir='ltr'>batur,</span> <span class='ocrx_word' id='word_1_188' title='bbox 746 2647 962 2712; x_wconf 89' lang='lat' dir='ltr'>omnia</span> <span class='ocrx_word' id='word_1_189' title='bbox 1007 2647 1169 2710; x_wconf 89' lang='lat' dir='ltr'>mihi</span> <span class='ocrx_word' id='word_1_190' title='bbox 1214 2650 1329 2710; x_wconf 90' lang='lat' dir='ltr'>tua</span> <span class='ocrx_word' id='word_1_191' title='bbox 1376 2651 1440 2712; x_wconf 89' lang='lat' dir='ltr'>et</span> <span class='ocrx_word' id='word_1_192' title='bbox 1482 2648 1657 2712; x_wconf 89' lang='lat' dir='ltr'>facta</span> <span class='ocrx_word' id='word_1_193' title='bbox 1696 2652 1763 2713; x_wconf 88' lang='lat' dir='ltr'>et</span> <span class='ocrx_word' id='word_1_194' title='bbox 1800 2648 1971 2712; x_wconf 89' lang='lat' dir='ltr'>dicta</span> <span class='ocrx_word' id='word_1_195' title='bbox 2008 2650 2337 2714; x_wconf 88' lang='lat' dir='ltr'>laudabat.</span> <span class='ocrx_word' id='word_1_196' title='bbox 2411 2648 2820 2734; x_wconf 82' lang='lat' dir='ltr'>Quapropter,</span> 
     </span>
     <span class='ocr_line' id='line_1_25' title="bbox 492 2735 2818 2818; baseline 0 -20"><span class='ocrx_word' id='word_1_197' title='bbox 492 2735 618 2799; x_wconf 91' lang='lat' dir='ltr'>etsi</span> <span class='ocrx_word' id='word_1_198' title='bbox 667 2758 705 2798; x_wconf 86' lang='lat' dir='ltr'>a</span> <span class='ocrx_word' id='word_1_199' title='bbox 750 2739 815 2798; x_wconf 91' lang='lat' dir='ltr'>te</span> <span class='ocrx_word' id='word_1_200' title='bbox 860 2736 955 2799; x_wconf 89' lang='lat' dir='ltr'>ita</span> <span class='ocrx_word' id='word_1_201' title='bbox 1000 2737 1337 2818; x_wconf 86' lang='lat' dir='ltr'>tractatur,</span> <span class='ocrx_word' id='word_1_202' title='bbox 1382 2740 1457 2800; x_wconf 92' lang='lat' dir='ltr'>ut</span> <span class='ocrx_word' id='word_1_203' title='bbox 1504 2738 1635 2800; x_wconf 88' lang='lat' dir='ltr'>iam</span> <span class='ocrx_word' id='word_1_204' title='bbox 1681 2758 1814 2801; x_wconf 89' lang='lat' dir='ltr'>non</span> <span class='ocrx_word' id='word_1_205' title='bbox 1852 2737 2172 2801; x_wconf 89' lang='lat' dir='ltr'>desideret</span> <span class='ocrx_word' id='word_1_206' title='bbox 2209 2739 2818 2803; x_wconf 88' lang='lat' dir='ltr'>commendationem</span> 
     </span>
     <span class='ocr_line' id='line_1_26' title="bbox 491 2823 2819 2911; baseline 0 -24"><span class='ocrx_word' id='word_1_207' title='bbox 491 2846 702 2887; x_wconf 91' lang='lat' dir='ltr'>meam</span> <span class='ocrx_word' id='word_1_208' title='bbox 751 2825 1021 2907; x_wconf 87' lang='lat' dir='ltr'>unisque</span> <span class='ocrx_word' id='word_1_209' title='bbox 1069 2846 1135 2888; x_wconf 92' lang='lat' dir='ltr'>se</span> <span class='ocrx_word' id='word_1_210' title='bbox 1180 2823 1419 2888; x_wconf 89' lang='lat' dir='ltr'>litteris</span> <span class='ocrx_word' id='word_1_211' title='bbox 1457 2826 1619 2889; x_wconf 90' lang='lat' dir='ltr'>meis</span> <span class='ocrx_word' id='word_1_212' title='bbox 1659 2826 1876 2890; x_wconf 90' lang='lat' dir='ltr'>omnia</span> <span class='ocrx_word' id='word_1_213' title='bbox 1914 2829 2329 2890; x_wconf 88' lang='lat' dir='ltr'>consecutum</span> <span class='ocrx_word' id='word_1_214' title='bbox 2369 2829 2573 2911; x_wconf 91' lang='lat' dir='ltr'>putet,</span> <span class='ocrx_word' id='word_1_215' title='bbox 2619 2832 2819 2890; x_wconf 88' lang='lat' dir='ltr'>tamen</span> 
     </span>
     <span class='ocr_line' id='line_1_27' title="bbox 493 2913 2818 2999; baseline 0 -24"><span class='ocrx_word' id='word_1_216' title='bbox 493 2933 531 2975; x_wconf 89' lang='lat' dir='ltr'>a</span> <span class='ocrx_word' id='word_1_217' title='bbox 577 2917 642 2975; x_wconf 90' lang='lat' dir='ltr'>te</span> <span class='ocrx_word' id='word_1_218' title='bbox 689 2916 837 2994; x_wconf 91' lang='lat' dir='ltr'>peto</span> <span class='ocrx_word' id='word_1_219' title='bbox 882 2914 950 2975; x_wconf 89' lang='lat' dir='ltr'>in</span> <span class='ocrx_word' id='word_1_220' title='bbox 997 2914 1306 2977; x_wconf 89' lang='lat' dir='ltr'>maiorem</span> <span class='ocrx_word' id='word_1_221' title='bbox 1356 2914 1636 2997; x_wconf 90' lang='lat' dir='ltr'>modum,</span> <span class='ocrx_word' id='word_1_222' title='bbox 1682 2917 1756 2978; x_wconf 93' lang='lat' dir='ltr'>ut</span> <span class='ocrx_word' id='word_1_223' title='bbox 1803 2936 1949 2978; x_wconf 90' lang='lat' dir='ltr'>eum</span> <span class='ocrx_word' id='word_1_224' title='bbox 1999 2915 2195 2978; x_wconf 89' lang='lat' dir='ltr'>etiam</span> <span class='ocrx_word' id='word_1_225' title='bbox 2233 2920 2427 2999; x_wconf 91' lang='lat' dir='ltr'>atque</span> <span class='ocrx_word' id='word_1_226' title='bbox 2466 2917 2669 2979; x_wconf 91' lang='lat' dir='ltr'>etiam</span> <span class='ocrx_word' id='word_1_227' title='bbox 2703 2913 2818 2978; x_wconf 90' lang='lat' dir='ltr'>tuis</span> 
     </span>
     <span class='ocr_line' id='line_1_28' title="bbox 492 2999 2820 3088; baseline 0.001 -27"><span class='ocrx_word' id='word_1_228' title='bbox 492 2999 753 3080; x_wconf 77' lang='lat' dir='ltr'>officl18,</span> <span class='ocrx_word' id='word_1_229' title='bbox 808 3000 1198 3066; x_wconf 90' lang='lat' dir='ltr'>liberalitate</span> <span class='ocrx_word' id='word_1_230' title='bbox 1245 3003 1690 3085; x_wconf 88' lang='lat' dir='ltr'>complectare.</span> <span class='ocrx_word' id='word_1_231' title='bbox 1783 3001 2141 3067; x_wconf 84' lang='lat' dir='ltr'>Scriberem</span> <span class='ocrx_word' id='word_1_232' title='bbox 2191 3004 2271 3067; x_wconf 90' lang='lat' dir='ltr'>ad</span> <span class='ocrx_word' id='word_1_233' title='bbox 2318 3010 2410 3087; x_wconf 91' lang='lat' dir='ltr'>te,</span> <span class='ocrx_word' id='word_1_234' title='bbox 2471 3005 2685 3088; x_wconf 90' lang='lat' dir='ltr'>qualis</span> <span class='ocrx_word' id='word_1_235' title='bbox 2735 3002 2820 3065; x_wconf 88' lang='lat' dir='ltr'>vir</span> 
     </span>
     <span class='ocr_line' id='line_1_29' title="bbox 492 3090 2816 3177; baseline 0.001 -27"><span class='ocrx_word' id='word_1_236' title='bbox 492 3091 690 3163; x_wconf 89' lang='lat' dir='ltr'>esset,</span> <span class='ocrx_word' id='word_1_237' title='bbox 745 3093 820 3151; x_wconf 90' lang='lat' dir='ltr'>ut</span> <span class='ocrx_word' id='word_1_238' title='bbox 874 3090 1311 3171; x_wconf 88' lang='lat' dir='ltr'>superioribus</span> <span class='ocrx_word' id='word_1_239' title='bbox 1367 3091 1607 3155; x_wconf 88' lang='lat' dir='ltr'>litteris</span> <span class='ocrx_word' id='word_1_240' title='bbox 1662 3090 1969 3173; x_wconf 89' lang='lat' dir='ltr'>feceram,</span> <span class='ocrx_word' id='word_1_241' title='bbox 2027 3092 2156 3156; x_wconf 88' lang='lat' dir='ltr'>nisi</span> <span class='ocrx_word' id='word_1_242' title='bbox 2217 3115 2362 3157; x_wconf 90' lang='lat' dir='ltr'>eum</span> <span class='ocrx_word' id='word_1_243' title='bbox 2418 3092 2553 3156; x_wconf 92' lang='lat' dir='ltr'>iam</span> <span class='ocrx_word' id='word_1_244' title='bbox 2608 3113 2718 3177; x_wconf 89' lang='lat' dir='ltr'>per</span> <span class='ocrx_word' id='word_1_245' title='bbox 2759 3109 2816 3153; x_wconf 91' lang='lat' dir='ltr'>se</span> 
     </span>
     <span class='ocr_line' id='line_1_30' title="bbox 490 3176 1955 3259; baseline 0.003 -21"><span class='ocrx_word' id='word_1_246' title='bbox 490 3176 706 3259; x_wconf 91' lang='lat' dir='ltr'>ipsum</span> <span class='ocrx_word' id='word_1_247' title='bbox 752 3176 874 3240; x_wconf 89' lang='lat' dir='ltr'>tibi</span> <span class='ocrx_word' id='word_1_248' title='bbox 922 3178 1079 3241; x_wconf 89' lang='lat' dir='ltr'>satis</span> <span class='ocrx_word' id='word_1_249' title='bbox 1125 3185 1356 3242; x_wconf 90' lang='lat' dir='ltr'>notum</span> <span class='ocrx_word' id='word_1_250' title='bbox 1404 3201 1543 3243; x_wconf 91' lang='lat' dir='ltr'>esse</span> <span class='ocrx_word' id='word_1_251' title='bbox 1591 3179 1955 3244; x_wconf 88' lang='lat' dir='ltr'>arbitrarer.</span> 
     </span>
    </p>
   </div>
   <div class='ocr_carea' id='block_1_6' title="bbox 490 3403 2815 3476">
    <p class='ocr_par' dir='ltr' id='par_1_8' title="bbox 490 3403 2815 3476">
     <span class='ocr_line' id='line_1_31' title="bbox 490 3403 2815 3476; baseline -0 -19"><span class='ocrx_word' id='word_1_252' title='bbox 490 3404 621 3457; x_wconf 89' lang='lat' dir='ltr'>dem</span> <span class='ocrx_word' id='word_1_253' title='bbox 649 3403 992 3473; x_wconf 85' lang='lat' dir='ltr'>Nachfolger</span> <span class='ocrx_word' id='word_1_254' title='bbox 1027 3403 1088 3458; x_wconf 92' lang='lat' dir='ltr'>in</span> <span class='ocrx_word' id='word_1_255' title='bbox 1125 3405 1224 3458; x_wconf 89' lang='lat' dir='ltr'>der</span> <span class='ocrx_word' id='word_1_256' title='bbox 1253 3403 1610 3461; x_wconf 87' lang='lat' dir='ltr'>Statthalter-</span> <span class='ocrx_word' id='word_1_257' title='bbox 1720 3407 1848 3460; x_wconf 85' lang='lat' dir='ltr'>dem</span> <span class='ocrx_word' id='word_1_258' title='bbox 1880 3406 2024 3460; x_wconf 86' lang='lat' dir='ltr'>Akte</span> <span class='ocrx_word' id='word_1_259' title='bbox 2053 3406 2466 3476; x_wconf 84' lang='lat' dir='ltr'>dienstfertiger</span> <span class='ocrx_word' id='word_1_260' title='bbox 2495 3407 2815 3471; x_wconf 81' lang='lat' dir='ltr'>Gesinnung.</span> 
     </span>
    </p>
   </div>
   <div class='ocr_carea' id='block_1_7' title="bbox 487 3473 2811 3689">
    <p class='ocr_par' dir='ltr' id='par_1_9' title="bbox 487 3473 2811 3687">
     <span class='ocr_line' id='line_1_32' title="bbox 490 3473 2811 3546; baseline -0.001 -17"><span class='ocrx_word' id='word_1_261' title='bbox 490 3473 689 3529; x_wconf 85' lang='lat' dir='ltr'>schaft.</span> <span class='ocrx_word' id='word_1_262' title='bbox 731 3506 797 3515; x_wconf 90' lang='lat'>-</span> <span class='ocrx_word' id='word_1_263' title='bbox 836 3475 1085 3542; x_wconf 76' lang='lat' dir='ltr'>epistulis</span> <span class='ocrx_word' id='word_1_264' title='bbox 1119 3476 1258 3546; x_wconf 81' lang='lat' dir='ltr'>tuis]</span> <span class='ocrx_word' id='word_1_265' title='bbox 1298 3492 1370 3530; x_wconf 91' lang='grc'>311</span> <span class='ocrx_word' id='word_1_266' title='bbox 1400 3474 1608 3532; x_wconf 86' lang='lat' dir='ltr'>Cicero.</span> <span class='ocrx_word' id='word_1_267' title='bbox 1720 3508 1788 3518; x_wconf 92' lang='lat'><em>-</em></span> <span class='ocrx_word' id='word_1_268' title='bbox 1826 3477 2064 3532; x_wconf 73' lang='lat' dir='ltr'>delatum</span> <span class='ocrx_word' id='word_1_269' title='bbox 2100 3478 2372 3546; x_wconf 80' lang='lat' dir='ltr'>diceret]</span> <span class='ocrx_word' id='word_1_270' title='bbox 2412 3496 2454 3531; x_wconf 91' lang='lat' dir='ltr'>s.</span> <span class='ocrx_word' id='word_1_271' title='bbox 2486 3498 2530 3532; x_wconf 88' lang='lat' dir='ltr'>z.</span> <span class='ocrx_word' id='word_1_272' title='bbox 2563 3478 2627 3532; x_wconf 95' lang='lat' dir='ltr'>II.</span> <span class='ocrx_word' id='word_1_273' title='bbox 2661 3482 2736 3531; x_wconf 89' lang='grc'>11.</span> <span class='ocrx_word' id='word_1_274' title='bbox 2763 3480 2811 3528; x_wconf 81' lang='lat'>6:</span> 
     </span>
     <span class='ocr_line' id='line_1_33' title="bbox 561 3544 2171 3619; baseline 0.003 -21"><span class='ocrx_word' id='word_1_275' title='bbox 561 3544 739 3599; x_wconf 69' lang='lat' dir='ltr'>Emsr.</span> <span class='ocrx_word' id='word_1_276' title='bbox 761 3545 982 3598; x_wconf 90' lang='lat' dir='ltr'>XXXV.</span> <span class='ocrx_word' id='word_1_277' title='bbox 1013 3549 1156 3613; x_wconf 79' lang='lat'>(708.</span> <span class='ocrx_word' id='word_1_278' title='bbox 1178 3547 1289 3615; x_wconf 80' lang='lat'>46.)</span> <span class='ocrx_word' id='word_1_279' title='bbox 1327 3546 1475 3615; x_wconf 87' lang='lat' dir='ltr'>Lyso</span> <span class='ocrx_word' id='word_1_280' title='bbox 1497 3563 1612 3601; x_wconf 81' lang='lat' dir='ltr'>war</span> <span class='ocrx_word' id='word_1_281' title='bbox 1719 3550 1863 3618; x_wconf 75' lang='lat' dir='ltr'>quod</span> <span class='ocrx_word' id='word_1_282' title='bbox 1897 3553 2171 3619; x_wconf 72' lang='lat' dir='ltr'>mqare‘nt.</span> 
     </span>
     <span class='ocr_line' id='line_1_34' title="bbox 487 3614 2810 3689; baseline -0 -19"><span class='ocrx_word' id='word_1_283' title='bbox 487 3615 583 3670; x_wconf 91' lang='lat' dir='ltr'>bei</span> <span class='ocrx_word' id='word_1_284' title='bbox 634 3614 859 3670; x_wconf 88' lang='lat' dir='ltr'>Servius</span> <span class='ocrx_word' id='word_1_285' title='bbox 904 3616 1276 3684; x_wconf 85' lang='lat' dir='ltr'>verleumdet,</span> <span class='ocrx_word' id='word_1_286' title='bbox 1333 3617 1610 3671; x_wconf 85' lang='lat' dir='ltr'>trotzdem</span> <span class='ocrx_word' id='word_1_287' title='bbox 1791 3625 1841 3674; x_wconf 81' lang='lat'>2.</span> <span class='ocrx_word' id='word_1_288' title='bbox 1879 3636 2034 3673; x_wconf 81' lang='lat' dir='ltr'>cum.</span> <span class='ocrx_word' id='word_1_289' title='bbox 2052 3620 2371 3689; x_wconf 77' lang='lat' dir='ltr'>potuerunt]</span> <span class='ocrx_word' id='word_1_290' title='bbox 2403 3636 2525 3674; x_wconf 79' lang='lat' dir='ltr'>cum</span> <span class='ocrx_word' id='word_1_291' title='bbox 2555 3646 2623 3665; x_wconf 88' lang='lat'><em>=</em></span> <span class='ocrx_word' id='word_1_292' title='bbox 2650 3631 2810 3673; x_wconf 65' lang='lat' dir='ltr'>wama.</span> 
     </span>
    </p>
   </div>
   <div class='ocr_carea' id='block_1_8' title="bbox 488 3683 2813 3829">
    <p class='ocr_par' dir='ltr' id='par_1_10' title="bbox 488 3683 2813 3829">
     <span class='ocr_line' id='line_1_35' title="bbox 489 3683 2812 3759; baseline -0.001 -19"><span class='ocrx_word' id='word_1_293' title='bbox 489 3686 625 3740; x_wconf 90' lang='lat' dir='ltr'>aber</span> <span class='ocrx_word' id='word_1_294' title='bbox 654 3685 757 3740; x_wconf 87' lang='lat' dir='ltr'>auf</span> <span class='ocrx_word' id='word_1_295' title='bbox 780 3687 879 3741; x_wconf 88' lang='lat' dir='ltr'>das</span> <span class='ocrx_word' id='word_1_296' title='bbox 897 3703 1008 3741; x_wconf 85' lang='lat' dir='ltr'>von</span> <span class='ocrx_word' id='word_1_297' title='bbox 1026 3683 1218 3741; x_wconf 82' lang='lat' dir='ltr'>Cicero</span> <span class='ocrx_word' id='word_1_298' title='bbox 1238 3686 1611 3744; x_wconf 86' lang='lat' dir='ltr'>uberbrachte</span> <span class='ocrx_word' id='word_1_299' title='bbox 1719 3692 1862 3759; x_wconf 79' lang='lat' dir='ltr'>quod</span> <span class='ocrx_word' id='word_1_300' title='bbox 1887 3689 2078 3743; x_wconf 77' lang='lat' dir='ltr'>wfirde</span> <span class='ocrx_word' id='word_1_301' title='bbox 2103 3690 2187 3743; x_wconf 84' lang='lat' dir='ltr'>als</span> <span class='ocrx_word' id='word_1_302' title='bbox 2208 3685 2405 3757; x_wconf 79' lang='lat' dir='ltr'>gewil&#39;s</span> <span class='ocrx_word' id='word_1_303' title='bbox 2425 3690 2812 3750; x_wconf 84' lang='lat' dir='ltr'>voraussetzen‚</span> 
     </span>
     <span class='ocr_line' id='line_1_36' title="bbox 488 3755 2813 3829; baseline 0.002 -20"><span class='ocrx_word' id='word_1_304' title='bbox 488 3756 1195 3827; x_wconf 86' lang='lat' dir='ltr'>Empfehlungsschreiben</span> <span class='ocrx_word' id='word_1_305' title='bbox 1230 3758 1330 3812; x_wconf 87' lang='lat' dir='ltr'>hin</span> <span class='ocrx_word' id='word_1_306' title='bbox 1356 3760 1461 3829; x_wconf 84' lang='lat' dir='ltr'>gut</span> <span class='ocrx_word' id='word_1_307' title='bbox 1488 3761 1608 3813; x_wconf 83' lang='lat' dir='ltr'>auf·</span> <span class='ocrx_word' id='word_1_308' title='bbox 1718 3760 1841 3815; x_wconf 83' lang='lat' dir='ltr'>dass</span> <span class='ocrx_word' id='word_1_309' title='bbox 1879 3761 1980 3814; x_wconf 89' lang='lat' dir='ltr'>das</span> <span class='ocrx_word' id='word_1_310' title='bbox 2012 3760 2317 3815; x_wconf 86' lang='lat' dir='ltr'>Schreiben</span> <span class='ocrx_word' id='word_1_311' title='bbox 2344 3761 2603 3815; x_wconf 85' lang='lat' dir='ltr'>wirklich</span> <span class='ocrx_word' id='word_1_312' title='bbox 2632 3777 2691 3816; x_wconf 83' lang='lat' dir='ltr'>so</span> <span class='ocrx_word' id='word_1_313' title='bbox 2717 3755 2813 3814; x_wconf 84' lang='lat' dir='ltr'>viel</span> 
     </span>
    </p>
   </div>
   <div class='ocr_carea' id='block_1_9' title="bbox 487 3827 2811 4041">
    <p class='ocr_par' dir='ltr' id='par_1_11' title="bbox 487 3827 2811 4041">
     <span class='ocr_line' id='line_1_37' title="bbox 488 3827 2420 3900; baseline 0.001 -17"><span class='ocrx_word' id='word_1_314' title='bbox 488 3845 819 3899; x_wconf 85' lang='lat' dir='ltr'>genommen</span> <span class='ocrx_word' id='word_1_315' title='bbox 856 3827 1099 3883; x_wconf 86' lang='lat' dir='ltr'>worden.</span> <span class='ocrx_word' id='word_1_316' title='bbox 1717 3830 1974 3885; x_wconf 83' lang='lat' dir='ltr'>Gewioht</span> <span class='ocrx_word' id='word_1_317' title='bbox 2010 3831 2223 3900; x_wconf 82' lang='lat' dir='ltr'>gehabt</span> <span class='ocrx_word' id='word_1_318' title='bbox 2257 3831 2420 3887; x_wconf 87' lang='lat' dir='ltr'>habe.</span> 
     </span>
     <span class='ocr_line' id='line_1_38' title="bbox 563 3900 2810 3972; baseline -0 -19"><span class='ocrx_word' id='word_1_319' title='bbox 563 3905 609 3956; x_wconf 89' lang='lat'>1.</span> <span class='ocrx_word' id='word_1_320' title='bbox 675 3900 955 3969; x_wconf 76' lang='lat' dir='ltr'>capiebam</span> <span class='ocrx_word' id='word_1_321' title='bbox 1022 3931 1090 3940; x_wconf 91' lang='lat'>—</span> <span class='ocrx_word' id='word_1_322' title='bbox 1156 3901 1392 3955; x_wconf 76' lang='lat' dir='ltr'>laetatus</span> <span class='ocrx_word' id='word_1_323' title='bbox 1460 3902 1606 3972; x_wconf 75' lang='lat' dir='ltr'>sum]</span> <span class='ocrx_word' id='word_1_324' title='bbox 1788 3910 1837 3957; x_wconf 88' lang='lat'>3.</span> <span class='ocrx_word' id='word_1_325' title='bbox 1870 3908 1998 3969; x_wconf 81' lang='lat' dir='ltr'>peto</span> <span class='ocrx_word' id='word_1_326' title='bbox 2033 3903 2098 3955; x_wconf 77' lang='lat' dir='ltr'>in</span> <span class='ocrx_word' id='word_1_327' title='bbox 2132 3903 2390 3957; x_wconf 80' lang='lat' dir='ltr'>maiorem</span> <span class='ocrx_word' id='word_1_328' title='bbox 2425 3902 2663 3972; x_wconf 79' lang='lat' dir='ltr'>modum]</span> <span class='ocrx_word' id='word_1_329' title='bbox 2693 3900 2810 3954; x_wconf 70' lang='lat' dir='ltr'>abn-</span> 
     </span>
     <span class='ocr_line' id='line_1_39' title="bbox 487 3917 2811 4041; baseline 0 -17"><span class='ocrx_word' id='word_1_330' title='bbox 487 3987 698 4024; x_wconf 85' lang='lat' dir='ltr'>warum</span> <span class='ocrx_word' id='word_1_331' title='bbox 732 3917 1001 4025; x_wconf 84' lang='lat' dir='ltr'>Wechsel</span> <span class='ocrx_word' id='word_1_332' title='bbox 1050 3972 1149 4025; x_wconf 87' lang='lat' dir='ltr'>der</span> <span class='ocrx_word' id='word_1_333' title='bbox 1186 3972 1607 4041; x_wconf 78' lang='lat' dir='ltr'>Tempora?—</span> <span class='ocrx_word' id='word_1_334' title='bbox 1717 3972 1831 4026; x_wconf 87' lang='lat' dir='ltr'>lich</span> <span class='ocrx_word' id='word_1_335' title='bbox 1861 3973 1902 4027; x_wconf 93' lang='lat' dir='ltr'>I.</span> <span class='ocrx_word' id='word_1_336' title='bbox 1934 3978 2018 4027; x_wconf 90' lang='grc'>19.</span> <span class='ocrx_word' id='word_1_337' title='bbox 2050 3980 2108 4027; x_wconf 84' lang='lat'>3:</span> <span class='ocrx_word' id='word_1_338' title='bbox 2147 3975 2451 4028; x_wconf 79' lang='lat' dir='ltr'>commendo</span> <span class='ocrx_word' id='word_1_339' title='bbox 2486 3976 2551 4028; x_wconf 76' lang='lat' dir='ltr'>in</span> <span class='ocrx_word' id='word_1_340' title='bbox 2576 3974 2811 4027; x_wconf 79' lang='lat' dir='ltr'>maiorem</span> 
     </span>
    </p>
   </div>
   <div class='ocr_carea' id='block_1_10' title="bbox 487 4040 2809 4183">
    <p class='ocr_par' dir='ltr' id='par_1_12' title="bbox 487 4040 2809 4183">
     <span class='ocr_line' id='line_1_40' title="bbox 488 4040 2809 4122; baseline -0.002 -26"><span class='ocrx_word' id='word_1_341' title='bbox 488 4042 696 4122; x_wconf 77' lang='lat' dir='ltr'>officio]</span> <span class='ocrx_word' id='word_1_342' title='bbox 755 4042 855 4096; x_wconf 88' lang='lat' dir='ltr'>der</span> <span class='ocrx_word' id='word_1_343' title='bbox 901 4041 1055 4111; x_wconf 85' lang='lat' dir='ltr'>Sing.</span> <span class='ocrx_word' id='word_1_344' title='bbox 1102 4058 1213 4097; x_wconf 89' lang='lat' dir='ltr'>von</span> <span class='ocrx_word' id='word_1_345' title='bbox 1264 4042 1362 4097; x_wconf 88' lang='lat' dir='ltr'>der</span> <span class='ocrx_word' id='word_1_346' title='bbox 1407 4043 1607 4097; x_wconf 87' lang='lat' dir='ltr'>einen</span> <span class='ocrx_word' id='word_1_347' title='bbox 1715 4045 1951 4112; x_wconf 80' lang='lat' dir='ltr'>modum,</span> <span class='ocrx_word' id='word_1_348' title='bbox 1986 4044 2099 4097; x_wconf 87' lang='lat' dir='ltr'>und</span> <span class='ocrx_word' id='word_1_349' title='bbox 2138 4042 2347 4099; x_wconf 82' lang='lat'>111.41.</span> <span class='ocrx_word' id='word_1_350' title='bbox 2379 4051 2438 4098; x_wconf 84' lang='lat'>5:</span> <span class='ocrx_word' id='word_1_351' title='bbox 2478 4047 2727 4100; x_wconf 81' lang='lat' dir='ltr'>maiorem</span> <span class='ocrx_word' id='word_1_352' title='bbox 2757 4040 2809 4093; x_wconf 76' lang='lat' dir='ltr'>in</span> 
     </span>
     <span class='ocr_line' id='line_1_41' title="bbox 487 4111 2202 4183; baseline 0.002 -19"><span class='ocrx_word' id='word_1_353' title='bbox 487 4111 1024 4182; x_wconf 83' lang='lat' dir='ltr'>Diensterweisung,</span> <span class='ocrx_word' id='word_1_354' title='bbox 1063 4112 1457 4182; x_wconf 83' lang='lat' dir='ltr'>Gef&#39;alligkeit,</span> <span class='ocrx_word' id='word_1_355' title='bbox 1495 4131 1608 4168; x_wconf 85' lang='lat' dir='ltr'>von</span> <span class='ocrx_word' id='word_1_356' title='bbox 1716 4116 1932 4170; x_wconf 77' lang='lat' dir='ltr'>modum</span> <span class='ocrx_word' id='word_1_357' title='bbox 1969 4118 2019 4168; x_wconf 85' lang='lat' dir='ltr'>te</span> <span class='ocrx_word' id='word_1_358' title='bbox 2054 4130 2202 4183; x_wconf 74' lang='lat' dir='ltr'>roqo.</span> 
     </span>
    </p>
   </div>
   <div class='ocr_carea' id='block_1_11' title="bbox 2930 480 2947 4504">
    <p class='ocr_par' dir='ltr' id='par_1_13' title="bbox 2930 480 2947 4504">
     <span class='ocr_line' id='line_1_42' title="bbox 2930 480 2947 4504; baseline 0 0"><span class='ocrx_word' id='word_1_359' title='bbox 2930 480 2947 4504; x_wconf 95' lang='lat' dir='ltr'> </span> 
     </span>
    </p>
   </div>
  </div>
 </body>
</html>
