<?xml version="1.0" encoding="UTF-8"?>
<!DOCTYPE html PUBLIC "-//W3C//DTD XHTML 1.0 Transitional//EN"
    "http://www.w3.org/TR/xhtml1/DTD/xhtml1-transitional.dtd">
<html xmlns="http://www.w3.org/1999/xhtml" xml:lang="en" lang="en">
 <head>
  <title>
</title>
<meta http-equiv="Content-Type" content="text/html;charset=utf-8" />
  <meta name='ocr-system' content='tesseract 3.04.00' />
  <meta name='ocr-capabilities' content='ocr_page ocr_carea ocr_par ocr_line ocrx_word'/>
</head>
<body>
  <div class='ocr_page' id='page_1' title='image "ausgewhltebrief02freygoog_0253.png"; bbox 0 0 3000 4917; ppageno 0'>
   <div class='ocr_carea' id='block_1_1' title="bbox 935 237 2544 305">
    <p class='ocr_par' dir='ltr' id='par_1_1' title="bbox 935 237 2544 305">
     <span class='ocr_line' id='line_1_1' title="bbox 935 237 2544 305; baseline 0.01 -15"><span class='ocrx_word' id='word_1_1' title='bbox 935 237 996 293; x_wconf 87' lang='lat' dir='ltr'>L.</span> <span class='ocrx_word' id='word_1_2' title='bbox 1032 237 1411 294; x_wconf 82' lang='lat' dir='ltr'><strong>MUNATIUS</strong></span> <span class='ocrx_word' id='word_1_3' title='bbox 1448 237 1795 294; x_wconf 86' lang='lat' dir='ltr'>PLANCUS.</span> <span class='ocrx_word' id='word_1_4' title='bbox 2413 240 2544 305; x_wconf 82' lang='lat'>239</span> 
     </span>
    </p>
   </div>
   <div class='ocr_carea' id='block_1_2' title="bbox 180 399 2607 2881">
    <p class='ocr_par' dir='ltr' id='par_1_2' title="bbox 180 399 2607 1816">
     <span class='ocr_line' id='line_1_2' title="bbox 180 399 2544 485; baseline 0.001 -21"><span class='ocrx_word' id='word_1_5' title='bbox 180 399 467 485; x_wconf 89' lang='lat' dir='ltr'>publica</span> <span class='ocrx_word' id='word_1_6' title='bbox 529 399 730 464; x_wconf 88' lang='lat' dir='ltr'>habet</span> <span class='ocrx_word' id='word_1_7' title='bbox 792 399 1119 485; x_wconf 86' lang='lat' dir='ltr'>expedita,</span> <span class='ocrx_word' id='word_1_8' title='bbox 1182 400 1415 485; x_wconf 87' lang='lat' dir='ltr'>quibus</span> <span class='ocrx_word' id='word_1_9' title='bbox 1479 401 1697 467; x_wconf 87' lang='lat' dir='ltr'>subito</span> <span class='ocrx_word' id='word_1_10' title='bbox 1752 401 2000 485; x_wconf 88' lang='lat' dir='ltr'>impetu</span> <span class='ocrx_word' id='word_1_11' title='bbox 2065 423 2140 468; x_wconf 89' lang='lat' dir='ltr'>ac</span> <span class='ocrx_word' id='word_1_12' title='bbox 2201 402 2544 469; x_wconf 84' lang='lat' dir='ltr'>latrocinio</span> 
     </span>
     <span class='ocr_line' id='line_1_3' title="bbox 185 486 2546 573; baseline 0.002 -21"><span class='ocrx_word' id='word_1_13' title='bbox 185 488 642 573; x_wconf 87' lang='lat' dir='ltr'>paricidarum</span> <span class='ocrx_word' id='word_1_14' title='bbox 705 488 991 554; x_wconf 76' lang='lat' dir='ltr'><strong>resistat.</strong></span> <span class='ocrx_word' id='word_1_15' title='bbox 1101 486 1337 573; x_wconf 88' lang='lat' dir='ltr'>Copias</span> <span class='ocrx_word' id='word_1_16' title='bbox 1414 511 1568 555; x_wconf 91' lang='lat' dir='ltr'>vero</span> <span class='ocrx_word' id='word_1_17' title='bbox 1630 493 1891 556; x_wconf 87' lang='lat' dir='ltr'>nostras</span> <span class='ocrx_word' id='word_1_18' title='bbox 1954 493 2147 556; x_wconf 88' lang='lat' dir='ltr'>notas</span> <span class='ocrx_word' id='word_1_19' title='bbox 2210 491 2334 556; x_wconf 89' lang='lat' dir='ltr'>tibi</span> <span class='ocrx_word' id='word_1_20' title='bbox 2407 513 2546 557; x_wconf 90' lang='lat' dir='ltr'>esse</span> 
     </span>
     <span class='ocr_line' id='line_1_4' title="bbox 190 576 2548 664; baseline 0.001 -22"><span class='ocrx_word' id='word_1_21' title='bbox 190 577 515 642; x_wconf 75' lang='lat' dir='ltr'>arbitror:</span> <span class='ocrx_word' id='word_1_22' title='bbox 561 577 631 641; x_wconf 92' lang='lat' dir='ltr'>in</span> <span class='ocrx_word' id='word_1_23' title='bbox 678 576 906 642; x_wconf 89' lang='lat' dir='ltr'>castris</span> <span class='ocrx_word' id='word_1_24' title='bbox 955 577 1114 642; x_wconf 90' lang='lat' dir='ltr'>meis</span> <span class='ocrx_word' id='word_1_25' title='bbox 1156 578 1443 662; x_wconf 85' lang='lat' dir='ltr'>legiones</span> <span class='ocrx_word' id='word_1_26' title='bbox 1482 582 1635 643; x_wconf 91' lang='lat' dir='ltr'>sunt</span> <span class='ocrx_word' id='word_1_27' title='bbox 1670 582 2010 645; x_wconf 79' lang='lat' dir='ltr'>veteranae</span> <span class='ocrx_word' id='word_1_28' title='bbox 2056 583 2208 658; x_wconf 91' lang='lat' dir='ltr'>tres,</span> <span class='ocrx_word' id='word_1_29' title='bbox 2244 580 2548 664; x_wconf 91' lang='lat' dir='ltr'>tironum,</span> 
     </span>
     <span class='ocr_line' id='line_1_5' title="bbox 185 665 2545 752; baseline 0.002 -22"><span class='ocrx_word' id='word_1_30' title='bbox 185 666 306 730; x_wconf 88' lang='lat' dir='ltr'>vel</span> <span class='ocrx_word' id='word_1_31' title='bbox 380 665 896 731; x_wconf 87' lang='lat' dir='ltr'>luculentissima</span> <span class='ocrx_word' id='word_1_32' title='bbox 964 687 1042 730; x_wconf 86' lang='lat' dir='ltr'>ex</span> <span class='ocrx_word' id='word_1_33' title='bbox 1107 668 1404 731; x_wconf 89' lang='lat' dir='ltr'>omnibus</span> <span class='ocrx_word' id='word_1_34' title='bbox 1415 717 1434 751; x_wconf 93' lang='lat'>,</span> <span class='ocrx_word' id='word_1_35' title='bbox 1507 689 1662 752; x_wconf 77' lang='lat' dir='ltr'>una3</span> <span class='ocrx_word' id='word_1_36' title='bbox 1732 668 1799 731; x_wconf 89' lang='lat' dir='ltr'>in</span> <span class='ocrx_word' id='word_1_37' title='bbox 1867 667 2098 733; x_wconf 90' lang='lat' dir='ltr'>castris</span> <span class='ocrx_word' id='word_1_38' title='bbox 2162 666 2351 733; x_wconf 90' lang='lat' dir='ltr'>Bruti</span> <span class='ocrx_word' id='word_1_39' title='bbox 2414 691 2545 734; x_wconf 86' lang='lat' dir='ltr'>una</span> 
     </span>
     <span class='ocr_line' id='line_1_6' title="bbox 183 754 2545 840; baseline 0.001 -21"><span class='ocrx_word' id='word_1_40' title='bbox 183 757 512 819; x_wconf 86' lang='lat' dir='ltr'>veterana</span> <span class='ocrx_word' id='word_1_41' title='bbox 556 754 746 840; x_wconf 85' lang='lat' dir='ltr'>legio,</span> <span class='ocrx_word' id='word_1_42' title='bbox 793 755 997 819; x_wconf 88' lang='lat' dir='ltr'>altera</span> <span class='ocrx_word' id='word_1_43' title='bbox 1043 755 1238 839; x_wconf 88' lang='lat' dir='ltr'>bima,</span> <span class='ocrx_word' id='word_1_44' title='bbox 1284 759 1431 820; x_wconf 93' lang='lat' dir='ltr'>octo</span> <span class='ocrx_word' id='word_1_45' title='bbox 1468 756 1778 820; x_wconf 90' lang='lat' dir='ltr'>tironum.</span> <span class='ocrx_word' id='word_1_46' title='bbox 1857 755 1962 821; x_wconf 90' lang='lat' dir='ltr'>Ita</span> <span class='ocrx_word' id='word_1_47' title='bbox 1997 756 2336 822; x_wconf 91' lang='lat' dir='ltr'>universus</span> <span class='ocrx_word' id='word_1_48' title='bbox 2375 778 2545 821; x_wconf 85' lang='lat' dir='ltr'>exer-</span> 
     </span>
     <span class='ocr_line' id='line_1_7' title="bbox 187 843 2545 931; baseline 0 -23"><span class='ocrx_word' id='word_1_49' title='bbox 187 845 371 908; x_wconf 92' lang='lat' dir='ltr'>citus</span> <span class='ocrx_word' id='word_1_50' title='bbox 444 865 711 908; x_wconf 90' lang='lat' dir='ltr'>numero</span> <span class='ocrx_word' id='word_1_51' title='bbox 785 843 1226 927; x_wconf 86' lang='lat' dir='ltr'>amplissimus</span> <span class='ocrx_word' id='word_1_52' title='bbox 1290 846 1415 929; x_wconf 91' lang='lat' dir='ltr'>est,</span> <span class='ocrx_word' id='word_1_53' title='bbox 1486 845 1797 909; x_wconf 87' lang='lat' dir='ltr'>firmitate</span> <span class='ocrx_word' id='word_1_54' title='bbox 1863 846 2156 931; x_wconf 77' lang='lat' dir='ltr'>exiguus5</span> <span class='ocrx_word' id='word_1_55' title='bbox 2233 848 2545 931; x_wconf 87' lang='lat' dir='ltr'>quantum</span> 
     </span>
     <span class='ocr_line' id='line_1_8' title="bbox 187 932 2545 1019; baseline 0.001 -22"><span class='ocrx_word' id='word_1_56' title='bbox 187 937 422 998; x_wconf 87' lang='lat' dir='ltr'>autem</span> <span class='ocrx_word' id='word_1_57' title='bbox 460 933 527 997; x_wconf 92' lang='lat' dir='ltr'>in</span> <span class='ocrx_word' id='word_1_58' title='bbox 567 932 703 997; x_wconf 90' lang='lat' dir='ltr'>acie</span> <span class='ocrx_word' id='word_1_59' title='bbox 739 932 936 996; x_wconf 91' lang='lat' dir='ltr'>tironi</span> <span class='ocrx_word' id='word_1_60' title='bbox 975 932 1063 997; x_wconf 88' lang='lat' dir='ltr'>sit</span> <span class='ocrx_word' id='word_1_61' title='bbox 1090 933 1640 1016; x_wconf 91' lang='lat' dir='ltr'>committendum,</span> <span class='ocrx_word' id='word_1_62' title='bbox 1683 932 1956 999; x_wconf 90' lang='lat' dir='ltr'>nimium</span> <span class='ocrx_word' id='word_1_63' title='bbox 1990 956 2182 1019; x_wconf 88' lang='lat' dir='ltr'>saepe</span> <span class='ocrx_word' id='word_1_64' title='bbox 2210 938 2545 1017; x_wconf 85' lang='lat' dir='ltr'>expertum</span> 
     </span>
     <span class='ocr_line' id='line_1_9' title="bbox 187 1018 2607 1091; baseline 0.002 -5"><span class='ocrx_word' id='word_1_65' title='bbox 187 1021 535 1088; x_wconf 88' lang='lat' dir='ltr'>habemus.</span> <span class='ocrx_word' id='word_1_66' title='bbox 614 1018 716 1085; x_wconf 88' lang='lat' dir='ltr'>Ad</span> <span class='ocrx_word' id='word_1_67' title='bbox 760 1020 887 1087; x_wconf 91' lang='lat' dir='ltr'>hoc</span> <span class='ocrx_word' id='word_1_68' title='bbox 931 1021 1130 1087; x_wconf 94' lang='lat' dir='ltr'>robur</span> <span class='ocrx_word' id='word_1_69' title='bbox 1173 1026 1545 1087; x_wconf 89' lang='lat' dir='ltr'>nostrorum</span> <span class='ocrx_word' id='word_1_70' title='bbox 1583 1023 1978 1087; x_wconf 75' lang='lat' dir='ltr'>exercituum</span> <span class='ocrx_word' id='word_1_71' title='bbox 2021 1023 2158 1088; x_wconf 89' lang='lat' dir='ltr'>sive</span> <span class='ocrx_word' id='word_1_72' title='bbox 2194 1018 2607 1091; x_wconf 87' lang='lat' dir='ltr'>Africanus4</span> 
     </span>
     <span class='ocr_line' id='line_1_10' title="bbox 190 1109 2543 1197; baseline 0.001 -22"><span class='ocrx_word' id='word_1_73' title='bbox 190 1110 550 1193; x_wconf 74' lang='lat' dir='ltr'>exercitae,</span> <span class='ocrx_word' id='word_1_74' title='bbox 605 1110 715 1195; x_wconf 90' lang='lat' dir='ltr'>qui</span> <span class='ocrx_word' id='word_1_75' title='bbox 771 1113 870 1175; x_wconf 91' lang='lat' dir='ltr'>est</span> <span class='ocrx_word' id='word_1_76' title='bbox 920 1113 1290 1194; x_wconf 87' lang='lat' dir='ltr'>veteranus,</span> <span class='ocrx_word' id='word_1_77' title='bbox 1346 1110 1483 1176; x_wconf 91' lang='lat' dir='ltr'>sive</span> <span class='ocrx_word' id='word_1_78' title='bbox 1531 1109 1828 1177; x_wconf 88' lang='lat' dir='ltr'>Caesaris</span> <span class='ocrx_word' id='word_1_79' title='bbox 1878 1111 2281 1194; x_wconf 83' lang='lat' dir='ltr'>accessisset,</span> <span class='ocrx_word' id='word_1_80' title='bbox 2337 1133 2543 1197; x_wconf 84' lang='lat' dir='ltr'>aequo</span> 
     </span>
     <span class='ocr_line' id='line_1_11' title="bbox 190 1198 2543 1283; baseline 0 -19"><span class='ocrx_word' id='word_1_81' title='bbox 190 1198 422 1264; x_wconf 88' lang='lat' dir='ltr'>animo</span> <span class='ocrx_word' id='word_1_82' title='bbox 460 1221 779 1263; x_wconf 90' lang='lat' dir='ltr'>summam</span> <span class='ocrx_word' id='word_1_83' title='bbox 816 1219 952 1263; x_wconf 88' lang='lat' dir='ltr'>rem</span> <span class='ocrx_word' id='word_1_84' title='bbox 987 1199 1316 1283; x_wconf 90' lang='lat' dir='ltr'>publicam</span> <span class='ocrx_word' id='word_1_85' title='bbox 1351 1199 1423 1263; x_wconf 92' lang='lat' dir='ltr'>in</span> <span class='ocrx_word' id='word_1_86' title='bbox 1469 1199 1817 1265; x_wconf 85' lang='lat' dir='ltr'>discrimen</span> <span class='ocrx_word' id='word_1_87' title='bbox 1860 1200 2332 1265; x_wconf 89' lang='lat' dir='ltr'>deduceremus.</span> <span class='ocrx_word' id='word_1_88' title='bbox 2405 1199 2543 1266; x_wconf 87' lang='lat' dir='ltr'>Ali-</span> 
     </span>
     <span class='ocr_line' id='line_1_12' title="bbox 192 1286 2547 1372; baseline 0 -20"><span class='ocrx_word' id='word_1_89' title='bbox 192 1292 446 1372; x_wconf 85' lang='lat' dir='ltr'>quanto</span> <span class='ocrx_word' id='word_1_90' title='bbox 503 1291 721 1353; x_wconf 87' lang='lat' dir='ltr'>autem</span> <span class='ocrx_word' id='word_1_91' title='bbox 774 1288 1041 1371; x_wconf 89' lang='lat' dir='ltr'>propius</span> <span class='ocrx_word' id='word_1_92' title='bbox 1098 1309 1237 1352; x_wconf 89' lang='lat' dir='ltr'>esse</span> <span class='ocrx_word' id='word_1_93' title='bbox 1298 1287 1470 1372; x_wconf 92' lang='lat' dir='ltr'>quod</span> <span class='ocrx_word' id='word_1_94' title='bbox 1527 1286 1871 1354; x_wconf 86' lang='lat' dir='ltr'>Caesarem</span> <span class='ocrx_word' id='word_1_95' title='bbox 1923 1288 2328 1372; x_wconf 87' lang='lat' dir='ltr'>videbamus,</span> <span class='ocrx_word' id='word_1_96' title='bbox 2382 1289 2547 1354; x_wconf 88' lang='lat' dir='ltr'>nihil</span> 
     </span>
     <span class='ocr_line' id='line_1_13' title="bbox 192 1375 2539 1462; baseline 0.001 -22"><span class='ocrx_word' id='word_1_97' title='bbox 192 1375 426 1441; x_wconf 88' lang='lat' dir='ltr'>destiti</span> <span class='ocrx_word' id='word_1_98' title='bbox 471 1398 618 1441; x_wconf 91' lang='lat' dir='ltr'>eum</span> <span class='ocrx_word' id='word_1_99' title='bbox 661 1376 905 1441; x_wconf 90' lang='lat' dir='ltr'>litteris</span> <span class='ocrx_word' id='word_1_100' title='bbox 948 1376 1224 1455; x_wconf 88' lang='lat' dir='ltr'>hortari,</span> <span class='ocrx_word' id='word_1_101' title='bbox 1272 1398 1482 1462; x_wconf 89' lang='lat' dir='ltr'>neque</span> <span class='ocrx_word' id='word_1_102' title='bbox 1527 1377 1643 1442; x_wconf 92' lang='lat' dir='ltr'>ille</span> <span class='ocrx_word' id='word_1_103' title='bbox 1687 1377 2040 1443; x_wconf 86' lang='lat' dir='ltr'>intermisit</span> <span class='ocrx_word' id='word_1_104' title='bbox 2086 1378 2424 1443; x_wconf 90' lang='lat' dir='ltr'>adfirmare</span> <span class='ocrx_word' id='word_1_105' title='bbox 2472 1400 2539 1443; x_wconf 89' lang='lat' dir='ltr'>se</span> 
     </span>
     <span class='ocr_line' id='line_1_14' title="bbox 188 1465 2542 1551; baseline 0.001 -21"><span class='ocrx_word' id='word_1_106' title='bbox 188 1466 339 1530; x_wconf 90' lang='lat' dir='ltr'>sine</span> <span class='ocrx_word' id='word_1_107' title='bbox 386 1486 571 1530; x_wconf 89' lang='lat' dir='ltr'>mora</span> <span class='ocrx_word' id='word_1_108' title='bbox 614 1465 862 1549; x_wconf 90' lang='lat' dir='ltr'>venire,</span> <span class='ocrx_word' id='word_1_109' title='bbox 918 1486 1063 1530; x_wconf 93' lang='lat' dir='ltr'>cum</span> <span class='ocrx_word' id='word_1_110' title='bbox 1108 1465 1373 1529; x_wconf 88' lang='lat' dir='ltr'>interim</span> <span class='ocrx_word' id='word_1_111' title='bbox 1419 1487 1718 1531; x_wconf 87' lang='lat' dir='ltr'>aversum</span> <span class='ocrx_word' id='word_1_112' title='bbox 1763 1466 1951 1531; x_wconf 90' lang='lat' dir='ltr'>illum</span> <span class='ocrx_word' id='word_1_113' title='bbox 1999 1466 2082 1532; x_wconf 92' lang='lat' dir='ltr'>ab</span> <span class='ocrx_word' id='word_1_114' title='bbox 2128 1467 2255 1532; x_wconf 88' lang='lat' dir='ltr'>hac</span> <span class='ocrx_word' id='word_1_115' title='bbox 2300 1467 2542 1551; x_wconf 84' lang='lat' dir='ltr'>cogita-</span> 
     </span>
     <span class='ocr_line' id='line_1_15' title="bbox 189 1553 2544 1640; baseline 0 -22"><span class='ocrx_word' id='word_1_116' title='bbox 189 1554 383 1618; x_wconf 88' lang='lat' dir='ltr'>tione</span> <span class='ocrx_word' id='word_1_117' title='bbox 430 1553 511 1618; x_wconf 89' lang='lat' dir='ltr'>ad</span> <span class='ocrx_word' id='word_1_118' title='bbox 560 1554 689 1619; x_wconf 87' lang='lat' dir='ltr'>alia</span> <span class='ocrx_word' id='word_1_119' title='bbox 734 1553 1009 1619; x_wconf 89' lang='lat' dir='ltr'>consilia</span> <span class='ocrx_word' id='word_1_120' title='bbox 1055 1554 1242 1620; x_wconf 89' lang='lat' dir='ltr'>video</span> <span class='ocrx_word' id='word_1_121' title='bbox 1289 1575 1358 1616; x_wconf 92' lang='lat' dir='ltr'>se</span> <span class='ocrx_word' id='word_1_122' title='bbox 1397 1555 1762 1619; x_wconf 85' lang='lat' dir='ltr'>contulisse.</span> <span class='ocrx_word' id='word_1_123' title='bbox 1834 1554 1981 1640; x_wconf 85' lang='lat' dir='ltr'>Ego</span> <span class='ocrx_word' id='word_1_124' title='bbox 2018 1558 2239 1620; x_wconf 88' lang='lat' dir='ltr'>tamen</span> <span class='ocrx_word' id='word_1_125' title='bbox 2278 1555 2360 1619; x_wconf 89' lang='lat' dir='ltr'>ad</span> <span class='ocrx_word' id='word_1_126' title='bbox 2397 1576 2544 1619; x_wconf 89' lang='lat' dir='ltr'>eum</span> 
     </span>
     <span class='ocr_line' id='line_1_16' title="bbox 188 1642 2544 1728; baseline 0 -21"><span class='ocrx_word' id='word_1_127' title='bbox 188 1642 513 1707; x_wconf 88' lang='lat' dir='ltr'>Furnium</span> <span class='ocrx_word' id='word_1_128' title='bbox 556 1646 854 1707; x_wconf 90' lang='lat' dir='ltr'>nostrum</span> <span class='ocrx_word' id='word_1_129' title='bbox 901 1664 1049 1707; x_wconf 92' lang='lat' dir='ltr'>cum</span> <span class='ocrx_word' id='word_1_130' title='bbox 1097 1642 1420 1707; x_wconf 88' lang='lat' dir='ltr'>mandatis</span> <span class='ocrx_word' id='word_1_131' title='bbox 1468 1643 1836 1728; x_wconf 84' lang='lat' dir='ltr'>litterisque</span> <span class='ocrx_word' id='word_1_132' title='bbox 1874 1643 2042 1728; x_wconf 92' lang='lat' dir='ltr'>misi,</span> <span class='ocrx_word' id='word_1_133' title='bbox 2089 1644 2144 1708; x_wconf 93' lang='lat' dir='ltr'>si</span> <span class='ocrx_word' id='word_1_134' title='bbox 2184 1643 2337 1728; x_wconf 90' lang='lat' dir='ltr'>quid</span> <span class='ocrx_word' id='word_1_135' title='bbox 2374 1642 2544 1709; x_wconf 85' lang='lat' dir='ltr'>forte</span> 
     </span>
     <span class='ocr_line' id='line_1_17' title="bbox 197 1731 804 1816; baseline 0.002 -21"><span class='ocrx_word' id='word_1_136' title='bbox 197 1731 518 1816; x_wconf 87' lang='lat' dir='ltr'>proficere</span> <span class='ocrx_word' id='word_1_137' title='bbox 563 1734 804 1816; x_wconf 88' lang='lat' dir='ltr'>posset.</span> 
     </span>
    </p>

    <p class='ocr_par' dir='ltr' id='par_1_3' title="bbox 191 1817 2606 2881">
     <span class='ocr_line' id='line_1_18' title="bbox 380 1817 2606 1906; baseline 0.001 -21"><span class='ocrx_word' id='word_1_138' title='bbox 380 1817 519 1885; x_wconf 85' lang='lat' dir='ltr'>Scis</span> <span class='ocrx_word' id='word_1_139' title='bbox 582 1825 687 1899; x_wconf 91' lang='lat' dir='ltr'>tu,</span> <span class='ocrx_word' id='word_1_140' title='bbox 750 1820 842 1884; x_wconf 91' lang='lat' dir='ltr'>mi</span> <span class='ocrx_word' id='word_1_141' title='bbox 899 1817 1123 1885; x_wconf 88' lang='lat' dir='ltr'>Cicero</span> <span class='ocrx_word' id='word_1_142' title='bbox 1134 1871 1153 1903; x_wconf 91' lang='lat'>,</span> <span class='ocrx_word' id='word_1_143' title='bbox 1217 1819 1389 1904; x_wconf 92' lang='lat' dir='ltr'>quod</span> <span class='ocrx_word' id='word_1_144' title='bbox 1456 1820 1538 1884; x_wconf 88' lang='lat' dir='ltr'>ad</span> <span class='ocrx_word' id='word_1_145' title='bbox 1592 1818 1888 1885; x_wconf 86' lang='lat' dir='ltr'>Caesaris</span> <span class='ocrx_word' id='word_1_146' title='bbox 1947 1841 2234 1885; x_wconf 90' lang='lat' dir='ltr'>amorem</span> <span class='ocrx_word' id='word_1_147' title='bbox 2294 1821 2606 1906; x_wconf 80' lang='lat' dir='ltr'>attinet‚5</span> 
     </span>
     <span class='ocr_line' id='line_1_19' title="bbox 196 1907 2544 1992; baseline -0 -18"><span class='ocrx_word' id='word_1_148' title='bbox 196 1909 582 1974; x_wconf 88' lang='lat' dir='ltr'>societatem</span> <span class='ocrx_word' id='word_1_149' title='bbox 628 1908 788 1973; x_wconf 91' lang='lat' dir='ltr'>mihi</span> <span class='ocrx_word' id='word_1_150' title='bbox 835 1930 975 1973; x_wconf 88' lang='lat' dir='ltr'>esse</span> <span class='ocrx_word' id='word_1_151' title='bbox 1020 1912 1261 1973; x_wconf 85' lang='lat' dir='ltr'>tecum:</span> <span class='ocrx_word' id='word_1_152' title='bbox 1307 1910 1411 1973; x_wconf 88' lang='lat' dir='ltr'>vel</span> <span class='ocrx_word' id='word_1_153' title='bbox 1449 1909 1622 1992; x_wconf 92' lang='lat' dir='ltr'>quod</span> <span class='ocrx_word' id='word_1_154' title='bbox 1656 1909 1727 1972; x_wconf 91' lang='lat' dir='ltr'>in</span> <span class='ocrx_word' id='word_1_155' title='bbox 1762 1909 2209 1974; x_wconf 85' lang='lat' dir='ltr'>familiaritate</span> <span class='ocrx_word' id='word_1_156' title='bbox 2246 1907 2544 1976; x_wconf 84' lang='lat' dir='ltr'>Caesaris</span> 
     </span>
     <span class='ocr_line' id='line_1_20' title="bbox 194 1995 2543 2083; baseline 0.001 -22"><span class='ocrx_word' id='word_1_157' title='bbox 194 1998 351 2062; x_wconf 92' lang='lat' dir='ltr'>vivo</span> <span class='ocrx_word' id='word_1_158' title='bbox 398 1997 514 2063; x_wconf 92' lang='lat' dir='ltr'>illo</span> <span class='ocrx_word' id='word_1_159' title='bbox 560 1997 690 2063; x_wconf 85' lang='lat' dir='ltr'>iam</span> <span class='ocrx_word' id='word_1_160' title='bbox 735 1998 903 2061; x_wconf 91' lang='lat' dir='ltr'>tueri</span> <span class='ocrx_word' id='word_1_161' title='bbox 946 2019 1091 2061; x_wconf 90' lang='lat' dir='ltr'>eum</span> <span class='ocrx_word' id='word_1_162' title='bbox 1130 2000 1196 2062; x_wconf 90' lang='lat' dir='ltr'>et</span> <span class='ocrx_word' id='word_1_163' title='bbox 1231 1996 1499 2082; x_wconf 87' lang='lat' dir='ltr'>diligere</span> <span class='ocrx_word' id='word_1_164' title='bbox 1535 1995 1663 2062; x_wconf 84' lang='lat' dir='ltr'>fuit</span> <span class='ocrx_word' id='word_1_165' title='bbox 1698 1997 1861 2062; x_wconf 89' lang='lat' dir='ltr'>mihi</span> <span class='ocrx_word' id='word_1_166' title='bbox 1896 2019 2184 2080; x_wconf 83' lang='lat' dir='ltr'>necesse3</span> <span class='ocrx_word' id='word_1_167' title='bbox 2230 1998 2334 2063; x_wconf 89' lang='lat' dir='ltr'>vel</span> <span class='ocrx_word' id='word_1_168' title='bbox 2375 1999 2543 2083; x_wconf 89' lang='lat' dir='ltr'>quod</span> 
     </span>
     <span class='ocr_line' id='line_1_21' title="bbox 193 2086 2545 2172; baseline 0.001 -22"><span class='ocrx_word' id='word_1_169' title='bbox 193 2087 361 2169; x_wconf 90' lang='lat' dir='ltr'>ipse,</span> <span class='ocrx_word' id='word_1_170' title='bbox 407 2086 618 2169; x_wconf 88' lang='lat' dir='ltr'>quoad</span> <span class='ocrx_word' id='word_1_171' title='bbox 665 2106 785 2171; x_wconf 87' lang='lat' dir='ltr'>ego</span> <span class='ocrx_word' id='word_1_172' title='bbox 830 2107 1021 2151; x_wconf 91' lang='lat' dir='ltr'>nosse</span> <span class='ocrx_word' id='word_1_173' title='bbox 1066 2086 1268 2169; x_wconf 89' lang='lat' dir='ltr'>potui,</span> <span class='ocrx_word' id='word_1_174' title='bbox 1315 2087 1820 2151; x_wconf 88' lang='lat' dir='ltr'>moderatissimi</span> <span class='ocrx_word' id='word_1_175' title='bbox 1859 2090 2052 2172; x_wconf 88' lang='lat' dir='ltr'>atque</span> <span class='ocrx_word' id='word_1_176' title='bbox 2089 2086 2545 2152; x_wconf 88' lang='lat' dir='ltr'>humanissimi</span> 
     </span>
     <span class='ocr_line' id='line_1_22' title="bbox 191 2173 2544 2261; baseline 0.002 -23"><span class='ocrx_word' id='word_1_177' title='bbox 191 2173 329 2238; x_wconf 87' lang='lat' dir='ltr'>fuit</span> <span class='ocrx_word' id='word_1_178' title='bbox 375 2195 627 2260; x_wconf 88' lang='lat' dir='ltr'>sensus;</span> <span class='ocrx_word' id='word_1_179' title='bbox 672 2174 777 2239; x_wconf 91' lang='lat' dir='ltr'>vel</span> <span class='ocrx_word' id='word_1_180' title='bbox 825 2174 994 2259; x_wconf 90' lang='lat' dir='ltr'>quod</span> <span class='ocrx_word' id='word_1_181' title='bbox 1042 2195 1119 2239; x_wconf 81' lang='lat' dir='ltr'>ex</span> <span class='ocrx_word' id='word_1_182' title='bbox 1164 2178 1299 2239; x_wconf 88' lang='lat' dir='ltr'>tam</span> <span class='ocrx_word' id='word_1_183' title='bbox 1345 2175 1590 2260; x_wconf 86' lang='lat' dir='ltr'>insigni</span> <span class='ocrx_word' id='word_1_184' title='bbox 1637 2175 1926 2241; x_wconf 87' lang='lat' dir='ltr'>amicitia</span> <span class='ocrx_word' id='word_1_185' title='bbox 1970 2198 2118 2240; x_wconf 90' lang='lat' dir='ltr'>mea</span> <span class='ocrx_word' id='word_1_186' title='bbox 2153 2179 2349 2261; x_wconf 89' lang='lat' dir='ltr'>atque</span> <span class='ocrx_word' id='word_1_187' title='bbox 2387 2174 2544 2242; x_wconf 89' lang='lat' dir='ltr'>Cae-</span> 
     </span>
     <span class='ocr_line' id='line_1_23' title="bbox 198 2262 2540 2330; baseline 0.001 -3"><span class='ocrx_word' id='word_1_188' title='bbox 198 2263 368 2327; x_wconf 88' lang='lat' dir='ltr'>saris</span> <span class='ocrx_word' id='word_1_189' title='bbox 413 2263 586 2328; x_wconf 92' lang='lat' dir='ltr'>hunc</span> <span class='ocrx_word' id='word_1_190' title='bbox 630 2262 750 2327; x_wconf 88' lang='lat' dir='ltr'>filii</span> <span class='ocrx_word' id='word_1_191' title='bbox 794 2262 939 2328; x_wconf 91' lang='lat' dir='ltr'>loco</span> <span class='ocrx_word' id='word_1_192' title='bbox 988 2266 1052 2326; x_wconf 94' lang='lat' dir='ltr'>et</span> <span class='ocrx_word' id='word_1_193' title='bbox 1096 2262 1273 2328; x_wconf 90' lang='lat' dir='ltr'>illius</span> <span class='ocrx_word' id='word_1_194' title='bbox 1320 2267 1387 2327; x_wconf 89' lang='lat' dir='ltr'>et</span> <span class='ocrx_word' id='word_1_195' title='bbox 1420 2268 1641 2330; x_wconf 89' lang='lat' dir='ltr'>vestro</span> <span class='ocrx_word' id='word_1_196' title='bbox 1679 2264 1914 2329; x_wconf 90' lang='lat' dir='ltr'>iudicio</span> <span class='ocrx_word' id='word_1_197' title='bbox 1954 2266 2379 2330; x_wconf 89' lang='lat' dir='ltr'>substitutum</span> <span class='ocrx_word' id='word_1_198' title='bbox 2413 2287 2540 2330; x_wconf 90' lang='lat' dir='ltr'>non</span> 
     </span>
     <span class='ocr_line' id='line_1_24' title="bbox 197 2349 2605 2438; baseline 0.002 -22"><span class='ocrx_word' id='word_1_199' title='bbox 197 2351 470 2435; x_wconf 89' lang='lat' dir='ltr'>proinde</span> <span class='ocrx_word' id='word_1_200' title='bbox 508 2351 748 2417; x_wconf 90' lang='lat' dir='ltr'>habere</span> <span class='ocrx_word' id='word_1_201' title='bbox 784 2354 973 2436; x_wconf 86' lang='lat' dir='ltr'>turpe</span> <span class='ocrx_word' id='word_1_202' title='bbox 1011 2351 1173 2415; x_wconf 92' lang='lat' dir='ltr'>mihi</span> <span class='ocrx_word' id='word_1_203' title='bbox 1208 2351 1481 2417; x_wconf 88' lang='lat' dir='ltr'>videtur.</span> <span class='ocrx_word' id='word_1_204' title='bbox 1549 2349 1673 2417; x_wconf 85' lang='lat' dir='ltr'>Sed</span> <span class='ocrx_word' id='word_1_205' title='bbox 1706 2389 1781 2400; x_wconf 92' lang='lat'>—</span> <span class='ocrx_word' id='word_1_206' title='bbox 1815 2353 2126 2438; x_wconf 89' lang='lat' dir='ltr'>quidquid</span> <span class='ocrx_word' id='word_1_207' title='bbox 2158 2353 2281 2417; x_wconf 92' lang='lat' dir='ltr'>tibi</span> <span class='ocrx_word' id='word_1_208' title='bbox 2309 2353 2540 2438; x_wconf 80' lang='lat' dir='ltr'>scribe,</span> <span class='ocrx_word' id='word_1_209' title='bbox 2563 2356 2605 2420; x_wconf 87' lang='grc'><strong>6</strong></span> 
     </span>
     <span class='ocr_line' id='line_1_25' title="bbox 201 2440 2546 2526; baseline 0 -21"><span class='ocrx_word' id='word_1_210' title='bbox 201 2440 499 2505; x_wconf 90' lang='lat' dir='ltr'>dolenter</span> <span class='ocrx_word' id='word_1_211' title='bbox 554 2440 916 2506; x_wconf 85' lang='lat' dir='ltr'>mehercule</span> <span class='ocrx_word' id='word_1_212' title='bbox 970 2441 1180 2524; x_wconf 87' lang='lat' dir='ltr'>magis</span> <span class='ocrx_word' id='word_1_213' title='bbox 1238 2463 1430 2525; x_wconf 88' lang='lat' dir='ltr'>quam</span> <span class='ocrx_word' id='word_1_214' title='bbox 1485 2442 1742 2506; x_wconf 88' lang='lat' dir='ltr'>inimice</span> <span class='ocrx_word' id='word_1_215' title='bbox 1797 2442 1969 2507; x_wconf 87' lang='lat' dir='ltr'>facio</span> <span class='ocrx_word' id='word_1_216' title='bbox 2029 2477 2106 2490; x_wconf 92' lang='lat'>-</span> <span class='ocrx_word' id='word_1_217' title='bbox 2167 2441 2336 2526; x_wconf 90' lang='lat' dir='ltr'>quod</span> <span class='ocrx_word' id='word_1_218' title='bbox 2383 2441 2546 2506; x_wconf 91' lang='lat' dir='ltr'>vivit</span> 
     </span>
     <span class='ocr_line' id='line_1_26' title="bbox 199 2527 2545 2615; baseline 0.001 -22"><span class='ocrx_word' id='word_1_219' title='bbox 199 2530 533 2595; x_wconf 90' lang='lat' dir='ltr'>Antonius</span> <span class='ocrx_word' id='word_1_220' title='bbox 579 2528 794 2612; x_wconf 90' lang='lat' dir='ltr'>hodie,</span> <span class='ocrx_word' id='word_1_221' title='bbox 844 2529 1015 2614; x_wconf 92' lang='lat' dir='ltr'>quod</span> <span class='ocrx_word' id='word_1_222' title='bbox 1061 2527 1341 2613; x_wconf 87' lang='lat' dir='ltr'>Lepidus</span> <span class='ocrx_word' id='word_1_223' title='bbox 1387 2551 1518 2594; x_wconf 90' lang='lat' dir='ltr'>una</span> <span class='ocrx_word' id='word_1_224' title='bbox 1563 2535 1677 2615; x_wconf 89' lang='lat' dir='ltr'>est,</span> <span class='ocrx_word' id='word_1_225' title='bbox 1723 2531 1893 2614; x_wconf 91' lang='lat' dir='ltr'>quod</span> <span class='ocrx_word' id='word_1_226' title='bbox 1940 2530 2254 2595; x_wconf 87' lang='lat' dir='ltr'>exercitus</span> <span class='ocrx_word' id='word_1_227' title='bbox 2299 2530 2545 2595; x_wconf 89' lang='lat' dir='ltr'>habent</span> 
     </span>
     <span class='ocr_line' id='line_1_27' title="bbox 199 2617 2545 2703; baseline 0.001 -22"><span class='ocrx_word' id='word_1_228' title='bbox 199 2640 336 2683; x_wconf 89' lang='lat' dir='ltr'>non</span> <span class='ocrx_word' id='word_1_229' title='bbox 384 2617 913 2702; x_wconf 90' lang='lat' dir='ltr'>contemnendos,</span> <span class='ocrx_word' id='word_1_230' title='bbox 962 2618 1132 2703; x_wconf 91' lang='lat' dir='ltr'>quod</span> <span class='ocrx_word' id='word_1_231' title='bbox 1179 2622 1470 2703; x_wconf 85' lang='lat' dir='ltr'>sperant,</span> <span class='ocrx_word' id='word_1_232' title='bbox 1518 2619 1685 2702; x_wconf 91' lang='lat' dir='ltr'>quod</span> <span class='ocrx_word' id='word_1_233' title='bbox 1737 2619 1999 2702; x_wconf 87' lang='lat' dir='ltr'>audent,</span> <span class='ocrx_word' id='word_1_234' title='bbox 2047 2640 2234 2684; x_wconf 91' lang='lat' dir='ltr'>omne</span> <span class='ocrx_word' id='word_1_235' title='bbox 2282 2617 2545 2683; x_wconf 83' lang='lat' dir='ltr'>Caesari</span> 
     </span>
     <span class='ocr_line' id='line_1_28' title="bbox 203 2705 2545 2793; baseline 0 -22"><span class='ocrx_word' id='word_1_236' title='bbox 203 2711 540 2790; x_wconf 89' lang='lat' dir='ltr'>acceptum</span> <span class='ocrx_word' id='word_1_237' title='bbox 586 2706 824 2771; x_wconf 85' lang='lat' dir='ltr'>referre</span> <span class='ocrx_word' id='word_1_238' title='bbox 869 2710 1163 2791; x_wconf 90' lang='lat' dir='ltr'>possunt.</span> <span class='ocrx_word' id='word_1_239' title='bbox 1248 2705 1476 2792; x_wconf 89' lang='lat' dir='ltr'>Neque</span> <span class='ocrx_word' id='word_1_240' title='bbox 1524 2727 1646 2791; x_wconf 86' lang='lat' dir='ltr'>ego</span> <span class='ocrx_word' id='word_1_241' title='bbox 1694 2709 2025 2791; x_wconf 89' lang='lat' dir='ltr'>superiora</span> <span class='ocrx_word' id='word_1_242' title='bbox 2071 2712 2384 2793; x_wconf 87' lang='lat' dir='ltr'>repetam;</span> <span class='ocrx_word' id='word_1_243' title='bbox 2433 2707 2545 2771; x_wconf 91' lang='lat' dir='ltr'>sed</span> 
     </span>
     <span class='ocr_line' id='line_1_29' title="bbox 206 2795 2543 2881; baseline -0 -21"><span class='ocrx_word' id='word_1_244' title='bbox 206 2817 285 2859; x_wconf 85' lang='lat' dir='ltr'>ex</span> <span class='ocrx_word' id='word_1_245' title='bbox 323 2817 399 2860; x_wconf 90' lang='lat' dir='ltr'>eo</span> <span class='ocrx_word' id='word_1_246' title='bbox 435 2799 747 2881; x_wconf 88' lang='lat' dir='ltr'>tempore,</span> <span class='ocrx_word' id='word_1_247' title='bbox 793 2817 919 2880; x_wconf 93' lang='lat' dir='ltr'>quo</span> <span class='ocrx_word' id='word_1_248' title='bbox 958 2796 1096 2880; x_wconf 90' lang='lat' dir='ltr'>ipse</span> <span class='ocrx_word' id='word_1_249' title='bbox 1132 2795 1295 2860; x_wconf 90' lang='lat' dir='ltr'>mihi</span> <span class='ocrx_word' id='word_1_250' title='bbox 1340 2797 1674 2879; x_wconf 82' lang='lat' dir='ltr'>professus</span> <span class='ocrx_word' id='word_1_251' title='bbox 1712 2802 1813 2860; x_wconf 91' lang='lat' dir='ltr'>est</span> <span class='ocrx_word' id='word_1_252' title='bbox 1849 2819 1916 2861; x_wconf 90' lang='lat' dir='ltr'>se</span> <span class='ocrx_word' id='word_1_253' title='bbox 1953 2797 2187 2881; x_wconf 92' lang='lat' dir='ltr'>venire,</span> <span class='ocrx_word' id='word_1_254' title='bbox 2234 2797 2291 2860; x_wconf 92' lang='lat' dir='ltr'>si</span> <span class='ocrx_word' id='word_1_255' title='bbox 2328 2797 2543 2860; x_wconf 89' lang='lat' dir='ltr'>venire</span> 
     </span>
    </p>
   </div>
   <div class='ocr_carea' id='block_1_3' title="bbox 200 2985 2545 3273">
    <p class='ocr_par' dir='ltr' id='par_1_4' title="bbox 200 2985 2545 3273">
     <span class='ocr_line' id='line_1_30' title="bbox 202 2985 2545 3059; baseline 0.001 -18"><span class='ocrx_word' id='word_1_256' title='bbox 202 2987 320 3041; x_wconf 88' lang='lat' dir='ltr'>und</span> <span class='ocrx_word' id='word_1_257' title='bbox 358 2986 458 3040; x_wconf 86' lang='lat' dir='ltr'>das</span> <span class='ocrx_word' id='word_1_258' title='bbox 494 2986 595 3042; x_wconf 88' lang='lat' dir='ltr'>des</span> <span class='ocrx_word' id='word_1_259' title='bbox 631 2988 697 3041; x_wconf 92' lang='lat' dir='ltr'>D.</span> <span class='ocrx_word' id='word_1_260' title='bbox 726 2985 948 3044; x_wconf 87' lang='lat' dir='ltr'>Brutus.</span> <span class='ocrx_word' id='word_1_261' title='bbox 988 3018 1054 3027; x_wconf 95' lang='lat'><strong>—</strong></span> <span class='ocrx_word' id='word_1_262' title='bbox 1091 2987 1321 3059; x_wconf 76' lang='lat' dir='ltr'>impetu]</span> <span class='ocrx_word' id='word_1_263' title='bbox 1430 2986 1512 3042; x_wconf 89' lang='lat' dir='ltr'>sei</span> <span class='ocrx_word' id='word_1_264' title='bbox 1566 2988 1739 3042; x_wconf 91' lang='lat' dir='ltr'>schon</span> <span class='ocrx_word' id='word_1_265' title='bbox 1794 2989 2129 3057; x_wconf 82' lang='lat' dir='ltr'>unterwege.</span> <span class='ocrx_word' id='word_1_266' title='bbox 2178 3019 2242 3028; x_wconf 93' lang='lat'><em>-</em></span> <span class='ocrx_word' id='word_1_267' title='bbox 2297 2989 2373 3042; x_wconf 83' lang='lat' dir='ltr'>ad</span> <span class='ocrx_word' id='word_1_268' title='bbox 2426 2989 2545 3043; x_wconf 82' lang='lat' dir='ltr'>alia</span> 
     </span>
     <span class='ocr_line' id='line_1_31' title="bbox 200 3056 2543 3129; baseline 0.001 -18"><span class='ocrx_word' id='word_1_269' title='bbox 200 3056 545 3124; x_wconf 84' lang='lat' dir='ltr'>Dativform,</span> <span class='ocrx_word' id='word_1_270' title='bbox 600 3056 705 3112; x_wconf 83' lang='lat' dir='ltr'>wie</span> <span class='ocrx_word' id='word_1_271' title='bbox 757 3064 979 3127; x_wconf 74' lang='lat' dir='ltr'>sumptu</span> <span class='ocrx_word' id='word_1_272' title='bbox 1031 3059 1074 3113; x_wconf 91' lang='lat'>1.</span> <span class='ocrx_word' id='word_1_273' title='bbox 1127 3064 1212 3115; x_wconf 85' lang='grc'><strong>25.</strong></span> <span class='ocrx_word' id='word_1_274' title='bbox 1267 3065 1320 3114; x_wconf 90' lang='grc'><strong>2.</strong></span> <span class='ocrx_word' id='word_1_275' title='bbox 1427 3057 1601 3129; x_wconf 72' lang='lat' dir='ltr'>cona]</span> <span class='ocrx_word' id='word_1_276' title='bbox 1659 3058 1933 3113; x_wconf 84' lang='lat' dir='ltr'>Octavian</span> <span class='ocrx_word' id='word_1_277' title='bbox 1989 3058 2129 3128; x_wconf 80' lang='lat' dir='ltr'>ging</span> <span class='ocrx_word' id='word_1_278' title='bbox 2181 3059 2327 3114; x_wconf 87' lang='lat' dir='ltr'>nach</span> <span class='ocrx_word' id='word_1_279' title='bbox 2381 3059 2543 3127; x_wconf 88' lang='lat' dir='ltr'>Rom,</span> 
     </span>
     <span class='ocr_line' id='line_1_32' title="bbox 203 3126 2541 3200; baseline 0.001 -17"><span class='ocrx_word' id='word_1_280' title='bbox 203 3159 272 3169; x_wconf 89' lang='lat'>—</span> <span class='ocrx_word' id='word_1_281' title='bbox 327 3128 750 3200; x_wconf 75' lang='lat' dir='ltr'>paricidarum]</span> <span class='ocrx_word' id='word_1_282' title='bbox 821 3126 983 3185; x_wconf 89' lang='lat' dir='ltr'>Catil.</span> <span class='ocrx_word' id='word_1_283' title='bbox 1030 3129 1072 3185; x_wconf 91' lang='lat' dir='ltr'>I.</span> <span class='ocrx_word' id='word_1_284' title='bbox 1123 3136 1169 3186; x_wconf 86' lang='grc'><strong>’1.</strong></span> <span class='ocrx_word' id='word_1_285' title='bbox 1225 3135 1317 3185; x_wconf 76' lang='lat'>17:</span> <span class='ocrx_word' id='word_1_286' title='bbox 1427 3147 1523 3183; x_wconf 89' lang='lat' dir='ltr'>um</span> <span class='ocrx_word' id='word_1_287' title='bbox 1550 3130 1650 3183; x_wconf 87' lang='lat' dir='ltr'>das</span> <span class='ocrx_word' id='word_1_288' title='bbox 1670 3129 1946 3184; x_wconf 83' lang='lat' dir='ltr'>Konsulat</span> <span class='ocrx_word' id='word_1_289' title='bbox 1971 3147 2038 3183; x_wconf 80' lang='lat' dir='ltr'>zu</span> <span class='ocrx_word' id='word_1_290' title='bbox 2068 3130 2346 3196; x_wconf 76' lang='lat' dir='ltr'>erhalten3</span> <span class='ocrx_word' id='word_1_291' title='bbox 2376 3148 2417 3186; x_wconf 92' lang='lat' dir='ltr'>s.</span> <span class='ocrx_word' id='word_1_292' title='bbox 2438 3136 2469 3196; x_wconf 67' lang='lat'>5</span> <span class='ocrx_word' id='word_1_293' title='bbox 2494 3138 2541 3186; x_wconf 87' lang='grc'>6.</span> 
     </span>
     <span class='ocr_line' id='line_1_33' title="bbox 201 3199 2543 3273; baseline 0 -18"><span class='ocrx_word' id='word_1_294' title='bbox 201 3216 356 3255; x_wconf 76' lang='lat' dir='ltr'>nunc</span> <span class='ocrx_word' id='word_1_295' title='bbox 395 3206 446 3254; x_wconf 78' lang='lat' dir='ltr'>te</span> <span class='ocrx_word' id='word_1_296' title='bbox 469 3201 693 3270; x_wconf 78' lang='lat' dir='ltr'>patria,</span> <span class='ocrx_word' id='word_1_297' title='bbox 738 3216 878 3269; x_wconf 76' lang='lat' dir='ltr'>quae</span> <span class='ocrx_word' id='word_1_298' title='bbox 912 3202 1209 3256; x_wconf 75' lang='lat' dir='ltr'>communis</span> <span class='ocrx_word' id='word_1_299' title='bbox 1243 3207 1321 3256; x_wconf 80' lang='lat' dir='ltr'>est</span> <span class='ocrx_word' id='word_1_300' title='bbox 1499 3205 1548 3254; x_wconf 84' lang='grc'><strong>6.</strong></span> <span class='ocrx_word' id='word_1_301' title='bbox 1586 3203 1764 3256; x_wconf 78' lang='lat' dir='ltr'>societ.</span> <span class='ocrx_word' id='word_1_302' title='bbox 1812 3218 1882 3256; x_wconf 90' lang='lat' dir='ltr'>m.</span> <span class='ocrx_word' id='word_1_303' title='bbox 1924 3217 1966 3254; x_wconf 83' lang='lat' dir='ltr'>e.</span> <span class='ocrx_word' id='word_1_304' title='bbox 2005 3202 2200 3273; x_wconf 78' lang='lat' dir='ltr'>tecum]</span> <span class='ocrx_word' id='word_1_305' title='bbox 2249 3201 2410 3255; x_wconf 86' lang='lat' dir='ltr'>Auch</span> <span class='ocrx_word' id='word_1_306' title='bbox 2458 3199 2543 3255; x_wconf 87' lang='lat' dir='ltr'>Ci-</span> 
     </span>
    </p>
   </div>
   <div class='ocr_carea' id='block_1_4' title="bbox 201 3271 2545 3696">
    <p class='ocr_par' dir='ltr' id='par_1_5' title="bbox 201 3271 2545 3696">
     <span class='ocr_line' id='line_1_34' title="bbox 201 3271 2545 3341; baseline -0 -14"><span class='ocrx_word' id='word_1_307' title='bbox 201 3272 446 3327; x_wconf 80' lang='lat' dir='ltr'>omm’um</span> <span class='ocrx_word' id='word_1_308' title='bbox 501 3277 747 3326; x_wconf 79' lang='lat' dir='ltr'>nostrum</span> <span class='ocrx_word' id='word_1_309' title='bbox 790 3287 1024 3341; x_wconf 77' lang='lat' dir='ltr'>parens,</span> <span class='ocrx_word' id='word_1_310' title='bbox 1083 3273 1201 3327; x_wconf 82' lang='lat' dir='ltr'>odit</span> <span class='ocrx_word' id='word_1_311' title='bbox 1253 3289 1321 3327; x_wconf 83' lang='lat' dir='ltr'>ac</span> <span class='ocrx_word' id='word_1_312' title='bbox 1428 3289 1555 3326; x_wconf 88' lang='lat' dir='ltr'>cero</span> <span class='ocrx_word' id='word_1_313' title='bbox 1591 3271 1751 3326; x_wconf 85' lang='lat' dir='ltr'>hatte</span> <span class='ocrx_word' id='word_1_314' title='bbox 1781 3272 2030 3326; x_wconf 84' lang='lat' dir='ltr'>Beweise</span> <span class='ocrx_word' id='word_1_315' title='bbox 2068 3273 2247 3328; x_wconf 88' lang='lat' dir='ltr'>seiner</span> <span class='ocrx_word' id='word_1_316' title='bbox 2275 3271 2443 3325; x_wconf 90' lang='lat' dir='ltr'>Liebe</span> <span class='ocrx_word' id='word_1_317' title='bbox 2477 3291 2545 3326; x_wconf 90' lang='lat' dir='ltr'>zu</span> 
     </span>
     <span class='ocr_line' id='line_1_35' title="bbox 203 3341 2544 3412; baseline -0 -15"><span class='ocrx_word' id='word_1_318' title='bbox 203 3344 395 3397; x_wconf 76' lang='lat' dir='ltr'>metuit</span> <span class='ocrx_word' id='word_1_319' title='bbox 438 3347 488 3397; x_wconf 83' lang='lat' dir='ltr'>et</span> <span class='ocrx_word' id='word_1_320' title='bbox 531 3344 644 3397; x_wconf 87' lang='lat' dir='ltr'>iam</span> <span class='ocrx_word' id='word_1_321' title='bbox 689 3343 789 3396; x_wconf 78' lang='lat' dir='ltr'>diu</span> <span class='ocrx_word' id='word_1_322' title='bbox 833 3348 884 3397; x_wconf 84' lang='lat' dir='ltr'>te</span> <span class='ocrx_word' id='word_1_323' title='bbox 927 3343 1071 3397; x_wconf 75' lang='lat' dir='ltr'>nihil</span> <span class='ocrx_word' id='word_1_324' title='bbox 1105 3344 1321 3398; x_wconf 77' lang='lat' dir='ltr'>iudicat</span> <span class='ocrx_word' id='word_1_325' title='bbox 1427 3341 1702 3397; x_wconf 83' lang='lat' dir='ltr'>Octavian</span> <span class='ocrx_word' id='word_1_326' title='bbox 1738 3343 2008 3412; x_wconf 83' lang='lat' dir='ltr'>gegeben.</span> <span class='ocrx_word' id='word_1_327' title='bbox 2042 3374 2111 3384; x_wconf 93' lang='lat'>—</span> <span class='ocrx_word' id='word_1_328' title='bbox 2148 3344 2211 3397; x_wconf 74' lang='lat' dir='ltr'>in</span> <span class='ocrx_word' id='word_1_329' title='bbox 2244 3343 2544 3409; x_wconf 78' lang='lat' dir='ltr'>familiari-</span> 
     </span>
     <span class='ocr_line' id='line_1_36' title="bbox 203 3410 2543 3484; baseline -0.001 -16"><span class='ocrx_word' id='word_1_330' title='bbox 203 3415 318 3468; x_wconf 68' lang='grc' dir='ltr'><strong>πίει·</strong></span> <span class='ocrx_word' id='word_1_331' title='bbox 349 3414 416 3467; x_wconf 79' lang='lat' dir='ltr'>de</span> <span class='ocrx_word' id='word_1_332' title='bbox 443 3414 802 3482; x_wconf 78' lang='lat' dir='ltr'>paricidio</span> <span class='ocrx_word' id='word_1_333' title='bbox 837 3430 937 3468; x_wconf 72' lang='lat' dir='ltr'>suo</span> <span class='ocrx_word' id='word_1_334' title='bbox 969 3415 1221 3482; x_wconf 72' lang='lat' dir='ltr'>coqitare.</span> <span class='ocrx_word' id='word_1_335' title='bbox 1251 3446 1318 3456; x_wconf 94' lang='lat'>-—</span> <span class='ocrx_word' id='word_1_336' title='bbox 1425 3419 1539 3468; x_wconf 83' lang='lat' dir='ltr'>tate</span> <span class='ocrx_word' id='word_1_337' title='bbox 1580 3412 1853 3484; x_wconf 78' lang='lat' dir='ltr'>Caesaris]</span> <span class='ocrx_word' id='word_1_338' title='bbox 1903 3414 1957 3468; x_wconf 88' lang='lat' dir='ltr'>d.</span> <span class='ocrx_word' id='word_1_339' title='bbox 1993 3414 2030 3467; x_wconf 91' lang='lat' dir='ltr'>i.</span> <span class='ocrx_word' id='word_1_340' title='bbox 2070 3413 2127 3469; x_wconf 87' lang='lat' dir='ltr'>C.</span> <span class='ocrx_word' id='word_1_341' title='bbox 2166 3410 2307 3468; x_wconf 89' lang='lat' dir='ltr'>Julii</span> <span class='ocrx_word' id='word_1_342' title='bbox 2344 3412 2543 3468; x_wconf 86' lang='lat' dir='ltr'>Caesa-</span> 
     </span>
     <span class='ocr_line' id='line_1_37' title="bbox 206 3483 2543 3554; baseline -0 -15"><span class='ocrx_word' id='word_1_343' title='bbox 206 3489 476 3554; x_wconf 76' lang='lat' dir='ltr'>quantum</span> <span class='ocrx_word' id='word_1_344' title='bbox 529 3485 700 3539; x_wconf 76' lang='lat' dir='ltr'>tironi</span> <span class='ocrx_word' id='word_1_345' title='bbox 742 3500 786 3539; x_wconf 76' lang='lat' dir='ltr'>s.</span> <span class='ocrx_word' id='word_1_346' title='bbox 834 3487 901 3553; x_wconf 87' lang='lat' dir='ltr'>c.]</span> <span class='ocrx_word' id='word_1_347' title='bbox 955 3483 1028 3540; x_wconf 86' lang='lat' dir='ltr'>So</span> <span class='ocrx_word' id='word_1_348' title='bbox 1075 3485 1321 3540; x_wconf 87' lang='lat' dir='ltr'>schreibt</span> <span class='ocrx_word' id='word_1_349' title='bbox 1425 3485 1530 3553; x_wconf 88' lang='lat' dir='ltr'>ris;</span> <span class='ocrx_word' id='word_1_350' title='bbox 1579 3517 1644 3524; x_wconf 90' lang='lat'><strong>—</strong></span> <span class='ocrx_word' id='word_1_351' title='bbox 1693 3487 1756 3539; x_wconf 78' lang='lat' dir='ltr'>in</span> <span class='ocrx_word' id='word_1_352' title='bbox 1807 3486 2190 3548; x_wconf 76' lang='lat' dir='ltr'>familiaritate</span> <span class='ocrx_word' id='word_1_353' title='bbox 2226 3510 2295 3529; x_wconf 86' lang='lat'>=</span> <span class='ocrx_word' id='word_1_354' title='bbox 2332 3483 2416 3538; x_wconf 84' lang='lat' dir='ltr'>als</span> <span class='ocrx_word' id='word_1_355' title='bbox 2459 3483 2543 3538; x_wconf 84' lang='lat' dir='ltr'>fa-</span> 
     </span>
     <span class='ocr_line' id='line_1_38' title="bbox 207 3554 2541 3623; baseline 0.001 -15"><span class='ocrx_word' id='word_1_356' title='bbox 207 3555 355 3609; x_wconf 87' lang='lat' dir='ltr'>auch</span> <span class='ocrx_word' id='word_1_357' title='bbox 389 3554 690 3623; x_wconf 90' lang='lat' dir='ltr'>Pompeius</span> <span class='ocrx_word' id='word_1_358' title='bbox 727 3555 844 3610; x_wconf 88' lang='lat' dir='ltr'>Att.</span> <span class='ocrx_word' id='word_1_359' title='bbox 884 3555 1027 3610; x_wconf 91' lang='lat' dir='ltr'>VIII.</span> <span class='ocrx_word' id='word_1_360' title='bbox 1069 3562 1152 3610; x_wconf 90' lang='grc'><strong>12.</strong></span> <span class='ocrx_word' id='word_1_361' title='bbox 1188 3555 1254 3611; x_wconf 95' lang='lat' dir='ltr'>D.</span> <span class='ocrx_word' id='word_1_362' title='bbox 1286 3562 1318 3609; x_wconf 84' lang='lat'>2</span> <span class='ocrx_word' id='word_1_363' title='bbox 1425 3556 1662 3610; x_wconf 80' lang='lat' dir='ltr'>miliaris</span> <span class='ocrx_word' id='word_1_364' title='bbox 1710 3556 1915 3610; x_wconf 83' lang='lat' dir='ltr'>musste</span> <span class='ocrx_word' id='word_1_365' title='bbox 1961 3554 2055 3610; x_wconf 90' lang='lat' dir='ltr'>ich</span> <span class='ocrx_word' id='word_1_366' title='bbox 2090 3575 2145 3610; x_wconf 90' lang='lat' dir='ltr'>u.</span> <span class='ocrx_word' id='word_1_367' title='bbox 2182 3574 2224 3611; x_wconf 89' lang='lat' dir='ltr'>s.</span> <span class='ocrx_word' id='word_1_368' title='bbox 2262 3572 2359 3620; x_wconf 59' lang='grc' dir='ltr'>ηις</span> <span class='ocrx_word' id='word_1_369' title='bbox 2416 3572 2460 3609; x_wconf 90' lang='lat' dir='ltr'>s.</span> <span class='ocrx_word' id='word_1_370' title='bbox 2496 3573 2541 3610; x_wconf 86' lang='lat' dir='ltr'>z.</span> 
     </span>
     <span class='ocr_line' id='line_1_39' title="bbox 204 3626 2543 3696; baseline 0.001 -17"><span class='ocrx_word' id='word_1_371' title='bbox 204 3643 315 3681; x_wconf 91' lang='lat' dir='ltr'>von</span> <span class='ocrx_word' id='word_1_372' title='bbox 355 3626 461 3680; x_wconf 90' lang='lat' dir='ltr'>den</span> <span class='ocrx_word' id='word_1_373' title='bbox 497 3627 725 3681; x_wconf 73' lang='lat' dir='ltr'>tirones.-</span> <span class='ocrx_word' id='word_1_374' title='bbox 767 3632 1035 3696; x_wconf 57' lang='lat' dir='ltr'>quandum</span> <span class='ocrx_word' id='word_1_375' title='bbox 1068 3629 1142 3681; x_wconf 80' lang='lat' dir='ltr'>iis</span> <span class='ocrx_word' id='word_1_376' title='bbox 1177 3644 1318 3683; x_wconf 88' lang='lat' dir='ltr'>com-</span> <span class='ocrx_word' id='word_1_377' title='bbox 1425 3626 1521 3682; x_wconf 91' lang='lat' dir='ltr'>III.</span> <span class='ocrx_word' id='word_1_378' title='bbox 1565 3632 1648 3679; x_wconf 82' lang='lat'>21.</span> <span class='ocrx_word' id='word_1_379' title='bbox 1687 3634 1747 3681; x_wconf 79' lang='lat'>2:</span> <span class='ocrx_word' id='word_1_380' title='bbox 1794 3628 1857 3681; x_wconf 76' lang='lat' dir='ltr'>im</span> <span class='ocrx_word' id='word_1_381' title='bbox 1901 3628 2150 3683; x_wconf 82' lang='lat' dir='ltr'>victoria.</span> <span class='ocrx_word' id='word_1_382' title='bbox 2189 3656 2256 3666; x_wconf 91' lang='lat'>—</span> <span class='ocrx_word' id='word_1_383' title='bbox 2294 3626 2448 3681; x_wconf 79' lang='lat' dir='ltr'>illius</span> <span class='ocrx_word' id='word_1_384' title='bbox 2492 3631 2543 3682; x_wconf 81' lang='lat' dir='ltr'>et</span> 
     </span>
    </p>
   </div>
   <div class='ocr_carea' id='block_1_5' title="bbox 200 3697 2542 4479">
    <p class='ocr_par' dir='ltr' id='par_1_6' title="bbox 200 3697 2542 3908">
     <span class='ocr_line' id='line_1_40' title="bbox 201 3697 2542 3770; baseline -0 -18"><span class='ocrx_word' id='word_1_385' title='bbox 201 3697 523 3752; x_wconf 78' lang='lat' dir='ltr'>mittendum</span> <span class='ocrx_word' id='word_1_386' title='bbox 557 3698 655 3765; x_wconf 79' lang='lat' dir='ltr'>sit,</span> <span class='ocrx_word' id='word_1_387' title='bbox 694 3700 792 3766; x_wconf 77' lang='lat' dir='ltr'>qui</span> <span class='ocrx_word' id='word_1_388' title='bbox 826 3699 972 3752; x_wconf 79' lang='lat' dir='ltr'>inter</span> <span class='ocrx_word' id='word_1_389' title='bbox 1004 3714 1061 3753; x_wconf 74' lang='lat' dir='ltr'>sc</span> <span class='ocrx_word' id='word_1_390' title='bbox 1096 3715 1165 3752; x_wconf 77' lang='lat' dir='ltr'>ne</span> <span class='ocrx_word' id='word_1_391' title='bbox 1200 3700 1321 3753; x_wconf 77' lang='lat' dir='ltr'>noti</span> <span class='ocrx_word' id='word_1_392' title='bbox 1426 3703 1601 3752; x_wconf 73' lang='lat' dir='ltr'>vestro</span> <span class='ocrx_word' id='word_1_393' title='bbox 1642 3698 1786 3770; x_wconf 60' lang='lat' dir='ltr'>iud]</span> <span class='ocrx_word' id='word_1_394' title='bbox 1825 3698 1999 3752; x_wconf 69' lang='lat' dir='ltr'>Casar</span> <span class='ocrx_word' id='word_1_395' title='bbox 2035 3698 2194 3752; x_wconf 86' lang='lat' dir='ltr'>hatte</span> <span class='ocrx_word' id='word_1_396' title='bbox 2232 3698 2339 3751; x_wconf 91' lang='lat' dir='ltr'>den</span> <span class='ocrx_word' id='word_1_397' title='bbox 2378 3697 2542 3752; x_wconf 86' lang='lat' dir='ltr'>Octa·</span> 
     </span>
     <span class='ocr_line' id='line_1_41' title="bbox 201 3766 2541 3837; baseline 0 -15"><span class='ocrx_word' id='word_1_398' title='bbox 201 3768 418 3837; x_wconf 77' lang='lat' dir='ltr'>quidem</span> <span class='ocrx_word' id='word_1_399' title='bbox 471 3773 629 3836; x_wconf 67' lang='lat' dir='ltr'>sumt,</span> <span class='ocrx_word' id='word_1_400' title='bbox 684 3773 878 3823; x_wconf 76' lang='lat' dir='ltr'>contra</span> <span class='ocrx_word' id='word_1_401' title='bbox 922 3773 1205 3824; x_wconf 77' lang='lat' dir='ltr'>veteranas</span> <span class='ocrx_word' id='word_1_402' title='bbox 1251 3771 1321 3824; x_wconf 84' lang='lat' dir='ltr'>le·</span> <span class='ocrx_word' id='word_1_403' title='bbox 1426 3769 1561 3822; x_wconf 86' lang='lat' dir='ltr'>vian</span> <span class='ocrx_word' id='word_1_404' title='bbox 1606 3766 1668 3821; x_wconf 89' lang='lat' dir='ltr'>in</span> <span class='ocrx_word' id='word_1_405' title='bbox 1714 3772 1926 3823; x_wconf 87' lang='lat' dir='ltr'>seinem</span> <span class='ocrx_word' id='word_1_406' title='bbox 1964 3770 2321 3823; x_wconf 85' lang='lat' dir='ltr'>Testamente</span> <span class='ocrx_word' id='word_1_407' title='bbox 2371 3766 2541 3837; x_wconf 87' lang='lat' dir='ltr'>adop·</span> 
     </span>
     <span class='ocr_line' id='line_1_42' title="bbox 200 3838 2542 3908; baseline -0.001 -14"><span class='ocrx_word' id='word_1_408' title='bbox 200 3841 406 3908; x_wconf 76' lang='lat' dir='ltr'>yiones,</span> <span class='ocrx_word' id='word_1_409' title='bbox 440 3855 554 3893; x_wconf 72' lang='lat' dir='ltr'>non</span> <span class='ocrx_word' id='word_1_410' title='bbox 588 3844 640 3893; x_wconf 86' lang='lat' dir='ltr'>te</span> <span class='ocrx_word' id='word_1_411' title='bbox 665 3840 946 3908; x_wconf 77' lang='lat' dir='ltr'>praeterit.</span> <span class='ocrx_word' id='word_1_412' title='bbox 1427 3839 1564 3893; x_wconf 90' lang='lat' dir='ltr'>tiert</span> <span class='ocrx_word' id='word_1_413' title='bbox 1592 3838 1707 3892; x_wconf 88' lang='lat' dir='ltr'>und</span> <span class='ocrx_word' id='word_1_414' title='bbox 1735 3840 1826 3893; x_wconf 82' lang='lat' dir='ltr'>die</span> <span class='ocrx_word' id='word_1_415' title='bbox 1846 3839 2315 3895; x_wconf 84' lang='lat' dir='ltr'>Kuriatkomitien</span> <span class='ocrx_word' id='word_1_416' title='bbox 2343 3839 2542 3893; x_wconf 85' lang='lat' dir='ltr'>hatten</span> 
     </span>
    </p>

    <p class='ocr_par' dir='ltr' id='par_1_7' title="bbox 203 3908 2542 4479">
     <span class='ocr_line' id='line_1_43' title="bbox 276 3908 2539 3992; baseline 0 -29"><span class='ocrx_word' id='word_1_417' title='bbox 276 3914 326 3965; x_wconf 80' lang='lat'>4.</span> <span class='ocrx_word' id='word_1_418' title='bbox 375 3909 686 3977; x_wconf 66' lang='lat' dir='ltr'>Africanus</span> <span class='ocrx_word' id='word_1_419' title='bbox 738 3910 934 3980; x_wconf 73' lang='lat' dir='ltr'>exera]</span> <span class='ocrx_word' id='word_1_420' title='bbox 986 3912 1148 3964; x_wconf 89' lang='lat' dir='ltr'>unter</span> <span class='ocrx_word' id='word_1_421' title='bbox 1193 3910 1322 3964; x_wconf 89' lang='lat' dir='ltr'>dem</span> <span class='ocrx_word' id='word_1_422' title='bbox 1433 3908 1524 3964; x_wconf 86' lang='lat' dir='ltr'>die</span> <span class='ocrx_word' id='word_1_423' title='bbox 1578 3908 1865 3979; x_wconf 86' lang='lat' dir='ltr'>Adoption</span> <span class='ocrx_word' id='word_1_424' title='bbox 1920 3910 2208 3992; x_wconf 69' lang='lat' dir='ltr'>bestatigt.</span> <span class='ocrx_word' id='word_1_425' title='bbox 2300 3909 2539 3964; x_wconf 86' lang='lat' dir='ltr'>Plancus</span> 
     </span>
     <span class='ocr_line' id='line_1_44' title="bbox 210 3979 2541 4048; baseline 0 -14"><span class='ocrx_word' id='word_1_426' title='bbox 210 3979 547 4035; x_wconf 83' lang='lat' dir='ltr'>Oberbefehl</span> <span class='ocrx_word' id='word_1_427' title='bbox 576 3982 675 4035; x_wconf 85' lang='lat' dir='ltr'>des</span> <span class='ocrx_word' id='word_1_428' title='bbox 703 3979 1049 4048; x_wconf 79' lang='lat' dir='ltr'>Cornificius3</span> <span class='ocrx_word' id='word_1_429' title='bbox 1084 3999 1124 4035; x_wconf 88' lang='lat' dir='ltr'>s.</span> <span class='ocrx_word' id='word_1_430' title='bbox 1157 3979 1322 4036; x_wconf 84' lang='lat' dir='ltr'>COR·</span> <span class='ocrx_word' id='word_1_431' title='bbox 1430 3999 1546 4036; x_wconf 88' lang='lat' dir='ltr'>war</span> <span class='ocrx_word' id='word_1_432' title='bbox 1600 3981 1864 4036; x_wconf 73' lang='lat' dir='ltr'>wahrend</span> <span class='ocrx_word' id='word_1_433' title='bbox 1921 3980 2019 4035; x_wconf 86' lang='lat' dir='ltr'>der</span> <span class='ocrx_word' id='word_1_434' title='bbox 2065 3983 2187 4036; x_wconf 79' lang='lat' dir='ltr'>Zeit</span> <span class='ocrx_word' id='word_1_435' title='bbox 2231 3980 2315 4035; x_wconf 89' lang='lat' dir='ltr'>als</span> <span class='ocrx_word' id='word_1_436' title='bbox 2362 3980 2541 4035; x_wconf 87' lang='lat' dir='ltr'>Statt—</span> 
     </span>
     <span class='ocr_line' id='line_1_45' title="bbox 203 4050 2542 4120; baseline 0 -16"><span class='ocrx_word' id='word_1_437' title='bbox 203 4050 541 4107; x_wconf 82' lang='lat' dir='ltr'>NIFICIUS.</span> <span class='ocrx_word' id='word_1_438' title='bbox 573 4051 735 4105; x_wconf 91' lang='lat' dir='ltr'>me.</span> <span class='ocrx_word' id='word_1_439' title='bbox 758 4051 811 4105; x_wconf 90' lang='lat' dir='ltr'>S.</span> <span class='ocrx_word' id='word_1_440' title='bbox 832 4057 952 4106; x_wconf 82' lang='lat'>240.</span> <span class='ocrx_word' id='word_1_441' title='bbox 974 4083 1038 4092; x_wconf 93' lang='lat'><em>-</em></span> <span class='ocrx_word' id='word_1_442' title='bbox 1059 4068 1323 4107; x_wconf 76' lang='lat' dir='ltr'>summam</span> <span class='ocrx_word' id='word_1_443' title='bbox 1429 4051 1614 4107; x_wconf 87' lang='lat' dir='ltr'>halter</span> <span class='ocrx_word' id='word_1_444' title='bbox 1648 4051 1709 4106; x_wconf 90' lang='lat' dir='ltr'>in</span> <span class='ocrx_word' id='word_1_445' title='bbox 1747 4050 1972 4106; x_wconf 80' lang='lat' dir='ltr'>Gallien</span> <span class='ocrx_word' id='word_1_446' title='bbox 2007 4051 2330 4120; x_wconf 85' lang='lat' dir='ltr'>abwesend,</span> <span class='ocrx_word' id='word_1_447' title='bbox 2369 4053 2542 4107; x_wconf 86' lang='lat' dir='ltr'>daher</span> 
     </span>
     <span class='ocr_line' id='line_1_46' title="bbox 203 4121 2540 4276; baseline -0 -30"><span class='ocrx_word' id='word_1_448' title='bbox 203 4122 659 4249; x_wconf 43' lang='lat' dir='ltr'>bofassnzst-ssxi</span> <span class='ocrx_word' id='word_1_449' title='bbox 677 4127 978 4276; x_wconf 41' lang='lat' dir='ltr'>3225·er</span> <span class='ocrx_word' id='word_1_450' title='bbox 994 4121 1324 4276; x_wconf 44' lang='lat' dir='ltr'>iffaalisezrg&#39;nzd</span> <span class='ocrx_word' id='word_1_451' title='bbox 1430 4129 1770 4265; x_wconf 40' lang='lat' dir='ltr'>vesgrotacio]</span> <span class='ocrx_word' id='word_1_452' title='bbox 1820 4193 2274 4276; x_wconf 71' lang='lat' dir='ltr'>stellvertretend</span> <span class='ocrx_word' id='word_1_453' title='bbox 2316 4193 2423 4247; x_wconf 81' lang='lat' dir='ltr'>wie</span> <span class='ocrx_word' id='word_1_454' title='bbox 2473 4192 2540 4252; x_wconf 81' lang='lat' dir='ltr'>II.</span> 
     </span>
     <span class='ocr_line' id='line_1_47' title="bbox 205 4264 2541 4335; baseline -0 -17"><span class='ocrx_word' id='word_1_455' title='bbox 205 4279 322 4318; x_wconf 83' lang='lat' dir='ltr'>war</span> <span class='ocrx_word' id='word_1_456' title='bbox 349 4265 471 4319; x_wconf 85' lang='lat' dir='ltr'>also</span> <span class='ocrx_word' id='word_1_457' title='bbox 498 4265 673 4319; x_wconf 69' lang='lat' dir='ltr'>naher</span> <span class='ocrx_word' id='word_1_458' title='bbox 696 4264 780 4319; x_wconf 86' lang='lat' dir='ltr'>als</span> <span class='ocrx_word' id='word_1_459' title='bbox 802 4264 892 4320; x_wconf 78' lang='lat' dir='ltr'>die</span> <span class='ocrx_word' id='word_1_460' title='bbox 913 4264 1325 4320; x_wconf 83' lang='lat' dir='ltr'>afnkamschen</span> <span class='ocrx_word' id='word_1_461' title='bbox 1431 4271 1517 4319; x_wconf 91' lang='grc'>22.</span> <span class='ocrx_word' id='word_1_462' title='bbox 1569 4272 1619 4319; x_wconf 91' lang='grc'><strong>2.</strong></span> <span class='ocrx_word' id='word_1_463' title='bbox 1666 4295 1734 4305; x_wconf 92' lang='grc'>-</span> <span class='ocrx_word' id='word_1_464' title='bbox 1781 4264 2072 4335; x_wconf 69' lang='lat' dir='ltr'>quidquid]</span> <span class='ocrx_word' id='word_1_465' title='bbox 2130 4268 2235 4317; x_wconf 78' lang='lat' dir='ltr'>mit</span> <span class='ocrx_word' id='word_1_466' title='bbox 2289 4264 2387 4318; x_wconf 86' lang='lat' dir='ltr'>der</span> <span class='ocrx_word' id='word_1_467' title='bbox 2440 4280 2541 4318; x_wconf 87' lang='lat' dir='ltr'>aus</span> 
     </span>
     <span class='ocr_line' id='line_1_48' title="bbox 204 4334 2540 4408; baseline -0 -19"><span class='ocrx_word' id='word_1_468' title='bbox 204 4334 508 4403; x_wconf 82' lang='lat' dir='ltr'>Legionen.</span> <span class='ocrx_word' id='word_1_469' title='bbox 539 4367 605 4376; x_wconf 95' lang='lat'><strong>—</strong></span> <span class='ocrx_word' id='word_1_470' title='bbox 625 4336 886 4408; x_wconf 75' lang='lat' dir='ltr'>propius]</span> <span class='ocrx_word' id='word_1_471' title='bbox 918 4337 1052 4391; x_wconf 79' lang='lat' dir='ltr'>fiber</span> <span class='ocrx_word' id='word_1_472' title='bbox 1080 4338 1181 4391; x_wconf 86' lang='lat' dir='ltr'>das</span> <span class='ocrx_word' id='word_1_473' title='bbox 1207 4335 1318 4390; x_wconf 89' lang='lat' dir='ltr'>Ad·</span> <span class='ocrx_word' id='word_1_474' title='bbox 1433 4335 1558 4388; x_wconf 87' lang='lat' dir='ltr'>dem</span> <span class='ocrx_word' id='word_1_475' title='bbox 1599 4335 2083 4405; x_wconf 84' lang='lat' dir='ltr'>Zusammenhang</span> <span class='ocrx_word' id='word_1_476' title='bbox 2120 4335 2238 4389; x_wconf 87' lang='lat' dir='ltr'>sich</span> <span class='ocrx_word' id='word_1_477' title='bbox 2276 4335 2540 4403; x_wconf 85' lang='lat' dir='ltr'>ergeben-</span> 
     </span>
     <span class='ocr_line' id='line_1_49' title="bbox 211 4405 2539 4479; baseline -0.001 -19"><span class='ocrx_word' id='word_1_478' title='bbox 211 4407 349 4460; x_wconf 88' lang='lat' dir='ltr'>verb</span> <span class='ocrx_word' id='word_1_479' title='bbox 386 4406 481 4461; x_wconf 88' lang='lat' dir='ltr'>bei</span> <span class='ocrx_word' id='word_1_480' title='bbox 508 4422 617 4462; x_wconf 76' lang='lat' dir='ltr'>csse</span> <span class='ocrx_word' id='word_1_481' title='bbox 644 4424 687 4463; x_wconf 86' lang='lat' dir='ltr'>s.</span> <span class='ocrx_word' id='word_1_482' title='bbox 717 4425 761 4462; x_wconf 85' lang='lat' dir='ltr'>z.</span> <span class='ocrx_word' id='word_1_483' title='bbox 790 4405 831 4462; x_wconf 91' lang='grc' dir='ltr'><strong>Ι.</strong></span> <span class='ocrx_word' id='word_1_484' title='bbox 861 4413 910 4461; x_wconf 82' lang='lat'>4.</span> <span class='ocrx_word' id='word_1_485' title='bbox 942 4412 991 4463; x_wconf 86' lang='grc'><strong>3.</strong></span> <span class='ocrx_word' id='word_1_486' title='bbox 1022 4436 1089 4448; x_wconf 89' lang='grc'>-</span> <span class='ocrx_word' id='word_1_487' title='bbox 1117 4408 1320 4479; x_wconf 82' lang='lat' dir='ltr'>venire]</span> <span class='ocrx_word' id='word_1_488' title='bbox 1432 4407 1541 4462; x_wconf 89' lang='lat' dir='ltr'>den</span> <span class='ocrx_word' id='word_1_489' title='bbox 1586 4407 2048 4476; x_wconf 72' lang='lat' dir='ltr'>Beschrankungz</span> <span class='ocrx_word' id='word_1_490' title='bbox 2103 4405 2244 4461; x_wconf 86' lang='lat' dir='ltr'>alles</span> <span class='ocrx_word' id='word_1_491' title='bbox 2288 4421 2404 4460; x_wconf 83' lang='lat' dir='ltr'>was</span> <span class='ocrx_word' id='word_1_492' title='bbox 2447 4405 2539 4458; x_wconf 87' lang='lat' dir='ltr'>ich</span> 
     </span>
    </p>
   </div>
  </div>
 </body>
</html>
