3000 4917
460 199 595 263 210
1225 195 1359 253 ΜΒ.
1397 196 1493 252 111.
1558 196 1784 253 EPIST.
1821 201 1908 251 40.
1949 200 2035 253 41.

458 366 587 446 est,
642 383 787 426 cum
844 382 946 425 me
1003 359 1084 424 ad
1129 359 1516 442 Pompeium
1560 358 1883 442 proficisci
1930 359 2064 424 sive
2109 357 2318 442 pudor
2362 380 2546 423 meus
2593 360 2809 444 coegit

459 452 595 516 sive
642 450 929 514 officium
976 447 1111 514 sive
1155 448 1445 512 fortuna:
1492 448 1664 533 quod
1712 447 1996 513 officium
2042 450 2254 531 tuum,
2303 448 2470 531 quod
2520 448 2808 513 studium

459 540 561 605 vel
624 539 696 604 in
756 539 1091 603 absentem
1153 559 1256 602 me
1317 538 1420 601 vel
1482 538 1552 601 in
1610 542 1985 619 praesentes
2045 558 2224 601 meos
2288 535 2539 600 defuit?
2616 558 2806 622 quem

409 689 418 700 χ
457 649 651 713 porro
698 648 921 691 omnes
967 627 1093 691 mei
1140 628 1207 689 et
1251 625 1413 689 mihi
1458 629 1526 689 et
1581 626 1705 689 sibi
1758 628 1823 689 te
1880 625 2251 691 amiciorem
2304 624 2808 691 iudicaverunt?

457 717 625 781 Veni
681 715 1128 781 Brundisium:
1201 714 1563 779 oblitumne
1635 735 1738 777 me
1810 717 2029 797 putas,
2106 735 2233 797 qua
2296 715 2668 795 celeritate,
2738 718 2810 778 ut

456 806 736 889 primum
792 804 1102 886 audieris,
1154 798 1238 867 ad
1294 824 1395 867 me
1449 802 1733 867 Tarento
1790 802 2159 868 advolaris?
2216 822 2381 886 quae
2438 806 2559 867 tua
2613 802 2810 867 fuerit

459 894 768 974 assessio,
841 893 1076 976 oratio,
1148 891 1552 957 confirmatio
1625 892 1826 955 animi
1898 892 2025 955 mei
2094 889 2289 955 fracti
2361 892 2810 956 communium

398 983 864 1049 5miseriarum
912 981 1134 1046 metu?
1224 979 1510 1045 Tandem
1555 980 1904 1064 aliquando
1952 979 2198 1045 Romae
2245 1001 2387 1044 esse
2444 982 2809 1064 coepimus:

459 1073 612 1156 quid
669 1071 874 1136 defuit
926 1073 1190 1135 nostrae
1246 1069 1726 1133 familiaritati?
1789 1067 1860 1132 in
1914 1067 2215 1132 maximis
2268 1069 2464 1132 rebus
2522 1091 2808 1153 quonam

459 1161 649 1226 modo
695 1180 986 1244 gererem
1032 1179 1135 1221 me
1182 1157 1488 1223 adversus
1538 1156 1909 1241 Caesarem,
1953 1178 2110 1221 usus
2155 1161 2269 1222 tuo
2317 1157 2596 1223 consilio
2646 1181 2807 1241 sum,

454 1248 524 1313 in
578 1248 847 1333 reliquis
905 1246 1142 1311 officio:
1213 1246 1317 1310 cui
1363 1250 1435 1311 tu
1480 1246 1803 1329 tribuisti,
1863 1250 2129 1330 excepto
2187 1243 2490 1328 Caesare,
2550 1251 2810 1330 praeter

457 1360 588 1421 me,
640 1340 715 1401 ut
769 1336 1032 1401 domum
1082 1336 1428 1399 ventitares
1482 1335 1806 1418 horasque
1864 1334 2107 1399 multas
2164 1355 2355 1419 saepe
2409 1336 2803 1401 suavissimo

458 1447 753 1490 sermone
799 1424 1257 1490 consumeres?
1314 1428 1455 1488 tum
1466 1474 1485 1508 ,
1532 1446 1676 1489 cum
1724 1424 1949 1506 etiam,
1996 1424 2053 1487 si
2097 1424 2475 1505 meministi,
2524 1429 2605 1488 ut
2649 1424 2804 1489 haec

456 1512 1008 1598 φιλοσοφούμενα
1072 1513 1443 1597 scriberem,
1515 1517 1591 1578 tu
1662 1534 1765 1577 me
1837 1512 2175 1595 impulisti.
2283 1511 2442 1576 Post
2503 1511 2806 1577 Caesaris

455 1603 734 1668 reditum
791 1602 945 1686 quid
997 1600 1122 1666 tibi
1177 1601 1406 1666 maiori
1462 1622 1652 1666 curae
1706 1600 1835 1664 fuit
1843 1651 1862 1684 ,
1917 1622 2111 1684 quam
2156 1605 2233 1664 ut
2276 1622 2485 1665 essem
2535 1623 2664 1687 ego
2709 1601 2803 1665 illi

456 1712 653 1776 quam
699 1691 1292 1756 familiarissimus?
1338 1691 1507 1773 quod
1554 1689 1875 1754 effeceras.

395 1783 437 1847 6
634 1779 962 1856 Quorsum
997 1780 1199 1864 igitur
1234 1780 1395 1843 haec
1433 1779 1643 1843 oratio
1681 1777 1957 1863 longior,
1993 1800 2187 1862 quam
2223 1780 2577 1861 putaram?
2645 1778 2805 1855 Quia

456 1892 602 1935 sum
656 1869 1042 1951 admiratus,
1095 1872 1188 1952 te,
1244 1869 1354 1952 qui
1406 1868 1570 1933 haec
1621 1888 1815 1931 nosse
1864 1866 2157 1951 deberes,
2212 1867 2563 1951 quicquam
2620 1890 2661 1932 a
2707 1887 2802 1931 me

456 1958 897 2039 commissum,
960 1957 1130 2041 quod
1195 1961 1368 2022 esset
1428 1958 1713 2021 alienum
1763 1958 1992 2020 nostra
2045 1956 2357 2035 amicitia,
2421 1957 2796 2039 credidisse;

454 2069 609 2111 nam
664 2049 921 2129 praeter
973 2045 1160 2128 haec,
1217 2068 1378 2129 quae
1432 2044 1959 2128 commemoravi,
2014 2066 2177 2128 quae
2231 2047 2475 2109 testata
2530 2050 2692 2109 sunt
2738 2047 2802 2108 et

454 2136 767 2219 illustria,
839 2134 1049 2199 habeo
1114 2134 1319 2198 multa
1380 2134 1760 2217 occultiora,
1835 2154 2000 2217 quae
2069 2133 2176 2198 vix
2248 2134 2461 2198 verbis
2537 2132 2799 2219 exsequi

454 2246 744 2308 possum:
802 2223 1017 2287 omnia
1071 2244 1174 2286 me
1232 2227 1348 2288 tua
1401 2223 1755 2308 delectant,
1811 2222 1920 2286 sed
1977 2222 2255 2286 maxime
2312 2223 2603 2288 maxima
2658 2244 2800 2288 cum

452 2312 613 2376 fides
668 2312 736 2376 in
795 2311 1108 2395 amicitia,
1164 2311 1537 2396 consilium,
1592 2311 1910 2395 gravitas,
1965 2311 2357 2395 constantia,
2411 2315 2555 2376 tum
2603 2312 2801 2396 lepos,

452 2402 825 2466 humanitas
834 2451 854 2487 ,
897 2399 1167 2465 litterae.

396 2493 430 2556 7
631 2488 1039 2573 Quapropter
1096 2525 1176 2534 -—-
1233 2489 1425 2554 redeo
1480 2510 1655 2554 nunc
1710 2488 1792 2552 ad
1846 2488 2173 2571 querelam
2229 2522 2318 2535 —-
2372 2509 2493 2572 ego
2549 2492 2620 2553 te
2668 2487 2794 2553 suf-

451 2579 733 2665 fragium
788 2581 1014 2644 tulisse
1068 2579 1136 2642 in
1189 2578 1306 2642 illa
1352 2578 1495 2663 lege
1554 2577 1831 2661 primum
1886 2598 2018 2641 non
2083 2576 2351 2661 credidi3
2414 2577 2680 2661 deinde,
2740 2576 2797 2641 si

455 2669 897 2748 credidissem,
951 2688 1279 2750 nunquam
1333 2667 1401 2730 id
1449 2667 1589 2731 sine
1637 2666 1853 2750 aliqua
1894 2663 2069 2729 iusta
2115 2687 2310 2730 causa
2357 2666 2792 2731 existimarem

451 2764 517 2822 te
579 2757 826 2823 fecisse.
933 2754 1237 2841 Dignitas
1303 2758 1416 2818 tua
1479 2755 1665 2838 facit,
1728 2759 1802 2818 ut·
1865 2754 2417 2819 animadvertatur
2481 2752 2792 2839 quidquid

452 2848 681 2929 facias3
719 2845 1177 2911 malevolentia
1214 2846 1431 2908 autem
1469 2844 1830 2927 hominum,
1866 2846 1940 2907 ut
1974 2844 2292 2908 nonnulla
2320 2843 2564 2927 durius,
2609 2864 2796 2928 quam

453 2957 493 2999 a
538 2941 604 2998 te
649 2935 821 2998 facta
867 2935 1016 3019 sint,
1061 2933 1487 3018 proferantur.
1579 2932 1679 2996 Ea
1722 2937 1797 2996 tu
1845 2933 1901 2996 si
1944 2953 2078 2996 non
2123 2931 2334 3015 audis,
2383 2932 2537 3015 quid
2585 2934 2791 2998 dicam

452 3023 697 3104 nesci03
745 3023 1060 3105 equidem,
1107 3022 1161 3086 si
1200 3021 1456 3106 quando
1505 3021 1714 3104 audio,
1757 3025 1895 3084 tam
1940 3019 2233 3105 defendo,
2279 3040 2474 3104 quam
2520 3044 2627 3086 me
2666 3022 2790 3086 scio

452 3133 491 3175 a
536 3114 600 3173 te
647 3114 873 3174 contra
917 3111 1178 3194 iniquos
1226 3132 1406 3175 meos
1453 3112 1658 3175 solere
1708 3109 1981 3174 defendi.
2073 3110 2382 3174 Defensio
2432 3115 2652 3174 autem
2698 3112 2794 3174 est

451 3199 709 3282 duplex:
756 3199 886 3263 alia
932 3203 1101 3283 sunt,
1148 3221 1311 3283 quae
1358 3199 1603 3283 liquido
1651 3218 1892 3283 negare
1940 3198 2201 3283 soleam,
2245 3203 2321 3263 ut
2362 3199 2440 3262 de
2477 3199 2609 3264 isto
2647 3200 2786 3284 ipso

450 3393 509 3431 es
564 3375 621 3428 in
679 3372 1022 3443 Campanien
1075 3373 1191 3427 und
1243 3373 1322 3426 im
1372 3372 1566 3428 Laude
1675 3369 2029 3442 σοφούμενα]
2048 3374 2099 3429 d.
2117 3373 2171 3427 h.
2189 3372 2281 3428 die
2296 3372 2786 3442 philosophischen

452 3447 553 3501 der
591 3445 837 3501 Sabiner.
1676 3442 1982 3512 Schriften,
2040 3443 2131 3498 die
2186 3443 2247 3497 in
2302 3444 2485 3499 dieser
2532 3444 2655 3500 Zeit
2700 3459 2787 3513 ge·

585 3514 1566 3653 seg-sesmlssazsssszffi
1674 3514 2483 3641 meseum
2402 3516 2608 3641 fies
2630 3517 2786 3656 εκ·

447 3658 634 3712 Briefe
679 3675 750 3712 an
765 3605 1005 3712 gCasina.
1048 3656 1144 3712 111.
1192 3662 1278 3712 25.
1327 3665 1358 3713 6
1397 3675 1566 3727 ange·
1674 3659 1891 3722 stiones,
1922 3628 2269 3712 Tuscuzavlae
2286 3659 2700 3726 disputationes.
2723 3685 2784 3695 -

450 3731 617 3784 ffihrt.
667 3760 735 3770 —-
780 3735 1085 3797 praesentes
1132 3729 1297 3801 meos]
1343 3728 1568 3783 Ciceros
1676 3729 1807 3783 Post
1846 3729 2097 3783 Caesaris
2141 3729 2399 3799 reditum]
2437 3746 2566 3783 vom
2604 3725 2780 3797 spani-

448 3798 684 3856 Familie
730 3798 883 3854 blieb
928 3799 985 3854 in
1034 3799 1178 3854 Rom
1226 3800 1448 3854 zurfick.
1495 3831 1567 3840 —
1675 3802 1845 3854 schen
1886 3798 2186 3867 Feldzuge.
2225 3830 2292 3840 —
2329 3800 2476 3868 quod
2518 3796 2783 3867 effeceras]

459 3873 599 3927 Veni
609 3871 1004 3940 Brundisium]
1028 3872 1175 3926 nach
1191 3872 1290 3926 der
1301 3870 1570 3926 Schlacht
1674 3886 1789 3925 was
1853 3871 1928 3924 du
1984 3871 2127 3924 auch
2182 3871 2449 3925 zustande
2503 3869 2783 3941 gebracht,

447 3944 542 3998 bei
579 3944 893 3998 Pharsalus.
932 3972 997 3983 --
1037 3943 1334 3998 oblitumne
1366 3959 1449 3997 me
1476 3943 1564 4013 μ]
1673 3942 1760 3995 ins
1827 3941 2002 3996 Werk
2070 3944 2287 4010 gesetzt
2349 3943 2578 3997 hattest.
2677 3941 2781 3994 Das

445 4012 797 4084 prasentisch
860 4038 928 4060 =
986 4013 1080 4067 ich
1144 4014 1345 4069 daohte
1408 4012 1569 4068 nicht
1675 4011 1943 4080 Plusqpf.‚
1971 4012 2100 4065 weil
2120 4012 2294 4066 Casar
2317 4012 2526 4067 bereits
2544 4014 2636 4068 tot
2651 4028 2774 4065 war.

448 4087 610 4139 mehr
662 4087 862 4151 daran,
919 4084 1093 4139 daher
1143 4084 1223 4138 im
1277 4084 1415 4154 folg.
1467 4087 1566 4138 der
1744 4090 1796 4138 6.
1825 4083 2094 4154 illustria]
2116 4084 2207 4138 die
2227 4085 2338 4139 alle
2357 4083 2527 4139 sehen
2542 4084 2781 4145 konnenz

446 4154 796 4226 Konjunktiv
860 4156 960 4209 des
1015 4154 1297 4224 Perfekts,
1350 4156 1465 4226 vgl.
1523 4154 1562 4210 I.
1673 4173 1769 4209 zur
1805 4156 2136 4223 Bedeutung
2170 4156 2285 4223 vgl.
2322 4172 2367 4210 z.
2404 4156 2446 4210 1.
2489 4161 2571 4211 18.
2609 4161 2658 4210 9.

451 4231 533 4278 18.
572 4233 666 4279 33:
704 4226 1083 4280 intelleximus.
1746 4233 1794 4281 7.
1845 4228 1910 4280 in
1953 4227 2056 4281 illa
2101 4226 2234 4297 leye]
2287 4242 2363 4283 sc.
2410 4228 2476 4282 de
2516 4230 2779 4296 permuta·

492 4300 571 4374 f».
607 4296 790 4360 officio
857 4297 1031 4349 worin
1065 4295 1187 4350 sich
1216 4297 1335 4351 dies
1363 4298 1562 4366 zeigte,
1671 4298 1815 4352 tione
1835 4298 2253 4366 provinciarum
2262 4320 2285 4367 ,·
2321 4315 2364 4354 s.
2393 4300 2563 4353 Vorb.
2594 4299 2646 4353 S.
2665 4300 2776 4351 208.

450 4362 610 4427 giebt
645 4363 745 4416 das
828 4364 938 4433 olg.
976 4383 1065 4421 an.
1114 4396 1178 4407 -
1226 4369 1358 4423 haec
1402 4373 1562 4437 φιλο·
1672 4398 1739 4409 --
1777 4369 1897 4439 Εα]
1946 4369 2046 4423 das
2090 4369 2254 4424 hatte
2292 4368 2474 4425 Urteil
2518 4370 2619 4425 der
2650 4368 2777 4422 Bos·
