3000 4917
404 267 489 331 26
1244 266 1382 322 ΜΒ.
1414 266 1456 320 1.
1494 264 1715 322 EPIsT.
1753 272 1803 322 3.
1841 272 1891 320 4.

402 431 473 496 in
508 429 731 514 Epiro,
777 449 903 514 quo
949 449 1156 514 neque
1193 428 1344 493 Piso
1391 429 1644 494 veniret
1686 449 1805 493 nec
1848 428 2117 514 milites3
2165 430 2278 494 sed
2317 429 2524 495 adhuc
2558 429 2758 495 Plan-

402 521 538 585 cius
595 540 696 583 me
751 517 1014 583 retinet:
1071 521 1291 603 sperat
1345 538 1539 601 posse
1583 517 1753 600 fieri,
1810 522 1883 581 ut
1929 539 2179 583 mecum
2225 520 2295 584 in
2342 518 2600 584 Italiam
2646 519 2760 584 de-

404 608 616 691 cedat3
672 628 861 692 quem
915 627 1038 691 ego
1095 606 1263 670 diem
1315 607 1372 670 si
1417 606 1635 670 videro
1683 610 1751 670 et
1796 605 1852 669 si
1896 606 1966 671 in
2010 612 2297 673 vestrum
2344 608 2755 692 complexum

404 718 641 763 venero
699 718 773 761 ac
828 696 884 760 si
938 700 1005 758 et
1058 717 1174 760 vos
1231 698 1299 761 et
1351 717 1452 759 me
1507 695 1724 777 ipsum
1780 695 2170 780 reciperaro,
2224 698 2383 761 satis
2437 717 2754 782 magnum

405 785 567 851 mihi
622 785 907 850 fructum
962 783 1230 849 videbor
1284 784 1647 868 percepisse
1701 787 1768 848 et
1819 787 2072 849 vestrae
2125 784 2392 870 pietatis
2438 789 2505 851 et
2549 808 2756 852 meae.

323 873 367 937 4
404 875 662 940 Pisonis
707 873 1109 950 humanitas,
1167 872 1397 955 virtue,
1451 894 1636 936 amor
1679 872 1749 936 in
1795 894 2018 937 omnes
2062 895 2185 938 nos
2230 878 2450 939 tantus
2497 878 2625 955 est,
2674 880 2757 940 ut

401 964 564 1030 nihil
632 985 828 1046 supra
891 962 1127 1046 possit:
1191 961 1439 1026 utinam
1500 982 1580 1024 ea
1642 982 1747 1026 res
1811 962 1871 1026 ei
1936 962 2256 1046 voluptati
2322 963 2435 1027 sit!
2502 964 2756 1048 gloriae

403 1053 658 1137 quidem
712 1051 899 1116 video
956 1050 1114 1114 fore.
1211 1049 1310 1114 De
1369 1048 1441 1125 Q.
1486 1049 1688 1116 fratre
1740 1050 1903 1113 nihil
1958 1070 2077 1135 ego
2133 1054 2201 1114 te
2257 1053 2578 1134 accusavi,
2634 1053 2753 1117 sed

402 1163 544 1224 vos,
608 1163 754 1205 cum
816 1139 1199 1224 praesertim
1253 1142 1390 1203 tam
1443 1139 1636 1222 pauci
1690 1138 1859 1217 sitis,
1921 1140 2098 1204 volui
2152 1161 2295 1204 esse
2351 1163 2544 1225 quam
2600 1163 2754 1206 con-

322 1228 365 1293 5
400 1230 860 1295 iunctissimos.
951 1227 1201 1305 Quibus
1255 1249 1358 1291 me
1415 1226 1678 1292 voluisti
1724 1247 1917 1311 agere
1963 1228 2238 1313 gratias,
2295 1232 2401 1313 egi
2447 1234 2514 1294 et
2556 1252 2660 1295 me
2712 1254 2754 1296 a

400 1326 468 1383 te
513 1319 853 1383 certiorem
897 1317 1144 1382 factum
1188 1336 1330 1380 esse
1378 1316 1625 1400 scripsi.
2321 1328 2325 1332 ⁴

582 1405 769 1482 Quod
817 1406 896 1469 ad
943 1427 1069 1487 me,
1113 1427 1258 1469 mea
1303 1404 1626 1487 Terentia,
1675 1404 1903 1469 scribis
1948 1408 2016 1469 te
2060 1406 2273 1469 vicum
2319 1406 2755 1490 vendituram,

402 1495 583 1580 quid,
638 1496 904 1560 obsecro
960 1498 1053 1577 te,
1102 1530 1183 1540 —
1233 1515 1337 1559 me
1391 1494 1725 1558 miserum!
1778 1530 1853 1542 -—
1905 1492 2057 1578 quid
2112 1494 2402 1562 futurum
2460 1495 2603 1560 est?
2667 1501 2757 1580 et,

404 1586 461 1649 si
515 1606 634 1649 nos
689 1586 940 1667 premet
994 1583 1218 1648 eadem
1274 1582 1564 1666 fortuna,
1619 1582 1779 1667 quid'
1819 1604 2018 1666 puero
2065 1583 2301 1648 misero
2347 1584 2502 1648 fiet?
2595 1582 2758 1649 Non

404 1695 568 1758 queo
625 1674 876 1757 reliqua
932 1672 1209 1737 scribere
1254 1707 1344 1718 —
1389 1674 1577 1736 tanta
1631 1671 1727 1736 vis
1772 1671 2184 1736 lacrimarum
2230 1676 2331 1737 est
2376 1709 2488 1755 -—,
2540 1695 2760 1758 neque

401 1768 468 1829 te
530 1762 599 1825 in
664 1761 936 1826 eundem
1002 1760 1224 1824 fletum
1290 1760 1634 1843 adducam3
1699 1764 1958 1824 tantum
2014 1761 2253 1827 scribo:
2320 1762 2375 1825 si
2430 1766 2622 1826 erunt
2675 1764 2757 1827 in

340 1849 343 1852 ’
403 1852 617 1918 officio
665 1851 874 1932 amici,
920 1850 1196 1933 pecunia
1238 1870 1369 1913 non
1416 1849 1644 1933 deerit3
1691 1850 1748 1912 si
1793 1870 1926 1913 non
1971 1855 2179 1933 erunt,
2222 1853 2299 1914 tu
2345 1850 2598 1915 efficere
2633 1854 2757 1917 tua

400 1939 676 2026 pecunia
729 1960 861 2003 non
894 1938 1179 2022 poteris.
1270 1936 1392 2001 Per
1433 1937 1731 2002 fortunas
1778 1939 2048 2002 miseras
2093 1940 2379 2003 nostras!
2436 1939 2610 2021 vide,
2664 1961 2757 2005 ne

400 2049 672 2114 puerum
719 2027 1040 2111 perditum
1086 2025 1457 2111 perdamus3
1507 2027 1609 2091 cui
1657 2027 1712 2090 si
1760 2026 2003 2110 aliquid
2049 2027 2195 2110 erit,
2240 2048 2320 2092 ne
2368 2032 2575 2111 egeat,
2622 2051 2759 2093 me-

403 2116 604 2182 diocri
659 2116 900 2181 virtute
956 2137 1119 2199 opus
1177 2118 1278 2180 est
1332 2118 1398 2179 et
1455 2113 1764 2180 mediocri
1808 2116 2091 2194 fortuna,
2150 2119 2225 2179 ut
2269 2121 2481 2181 cetera
2528 2127 2761 2182 conse-

323 2203 364 2268 6
403 2209 654 2291 quatur.
753 2204 881 2269 Fac
947 2205 1163 2269 valeas
1229 2207 1295 2267 et
1359 2204 1441 2269 ad
1495 2225 1598 2267 me
1653 2203 2029 2269 tabellarios
2085 2205 2335 2284 mittas,
2401 2209 2475 2270 ut
2528 2206 2757 2289 sciam,

401 2294 555 2381 quid
602 2298 837 2377 agatur
883 2296 950 2358 et
993 2315 1110 2358 vos
1159 2292 1315 2377 quid
1361 2293 1594 2377 agatis.
1684 2291 1847 2356 Mihi
1895 2294 2155 2358 omnino
2201 2294 2334 2358 iam
2382 2294 2592 2360 brevis
2641 2317 2755 2360 ex-

402 2384 718 2469 spectatio
767 2385 881 2447 est.
973 2380 1290 2447 Tulliolae
1338 2386 1403 2445 et
1448 2379 1746 2447 Ciceroni
1795 2382 2069 2447 salutem
2117 2381 2236 2447 dic.
2282 2381 2535 2448 Valete.
2573 2382 2651 2449 D.
2692 2407 2756 2449 a.

399 2474 458 2538 d.
505 2490 594 2537 VI.
639 2472 777 2537 Kal.
824 2470 1126 2536 Decemb.
1174 2470 1584 2554 Dyrrhachii.

323 2560 359 2623 7
575 2559 1049 2645 Dyrrhachium
1114 2560 1286 2643 veni,
1351 2559 1524 2643 quod
1581 2563 1649 2624 et
1701 2558 1906 2623 libera
1962 2559 2191 2624 civitas
2247 2564 2348 2624 est
2401 2563 2465 2625 et
2520 2560 2588 2626 in
2643 2583 2760 2626 me

400 2651 694 2716 officiosa
739 2653 805 2714 et
851 2650 1148 2734 proxima
1183 2648 1440 2732 Italiae3
1488 2648 1619 2730 sed,
1666 2648 1723 2712 si
1760 2647 2043 2713 offendet
2079 2670 2180 2713 me
2218 2648 2347 2713 loci
2383 2649 2757 2735 celebritas,

398 2739 526 2804 alio
574 2762 676 2803 me
724 2741 1081 2823 conferam3
1130 2737 1210 2801 ad
1256 2740 1322 2800 te
1371 2738 1671 2803 scribam.

397 2982 699 3040 unterlasst
735 2981 845 3038 Cic.
876 2999 935 3037 es
971 2982 1147 3052 nicht,
1185 2981 1367 3037 dieses
1396 2984 1520 3036 her·
1701 2986 1750 3035 5.
1817 2999 1974 3052 aqere
2028 2981 2265 3053 qratia-3]
2320 2982 2412 3037 fiir
2464 2982 2586 3037 ihre
2641 2982 2755 3039 Be-

397 3053 768 3114 vorzuheben.
846 3052 900 3110 S.
948 3054 1015 3108 II.
1058 3060 1108 3111 9.
1150 3059 1197 3107 1.
1248 3084 1313 3093 —
1362 3053 1520 3125 Piso]
1629 3054 1950 3122 mfihungen
2005 3071 2074 3107 zu
2120 3054 2312 3108 seinen
2358 3053 2627 3109 Gunsten.
2681 3086 2749 3095 —

398 3128 504 3183 Die
554 3125 794 3179 Provinz
840 3125 1207 3180 Macedonica
1260 3141 1379 3179 war
1431 3124 1523 3178 fur
1628 3130 1679 3179 te
1703 3125 1884 3179 vicum
1909 3125 2089 3196 vend]
2119 3142 2187 3178 zu
2206 3125 2477 3180 welchem
2498 3125 2755 3195 Zwecke,

401 3201 502 3253 das
565 3196 824 3277 folgende
880 3196 1019 3250 Jahr
1082 3196 1212 3251 dem
1270 3196 1401 3251 Κοει.
1459 3195 1520 3249 L.
1630 3194 1850 3265 ergiebt
1904 3195 2022 3250 sich
2077 3213 2176 3251 aus
2222 3198 2263 3251 1.
2312 3202 2360 3251 2.
2411 3201 2461 3251 3.
2513 3226 2580 3236 —
2619 3213 2755 3266 per·

401 3269 733 3337 Calpur-mus
779 3266 909 3322 Piso
957 3271 1018 3336 (s.
1058 3286 1102 3321 z.
1142 3266 1183 3320 Ι.
1223 3272 1272 3321 2.
1311 3268 1392 3336 2),
1439 3283 1522 3321 er-
1629 3268 1806 3322 ditum
1862 3266 2186 3349 perdamus]
2243 3266 2295 3321 d.
2353 3268 2388 3321 i.
2447 3267 2582 3336 den,
2649 3268 2757 3323 der

399 3340 531 3396 teilt
568 3339 812 3406 worden,
850 3339 966 3393 und
994 3336 1186 3392 Cicero
1224 3337 1522 3404 ffirchtete,
1631 3339 1803 3392 schon
1849 3355 1910 3393 so
1957 3340 2060 3407 gut
2103 3355 2210 3392 wie
2244 3337 2500 3393 verloren
2535 3338 2611 3393 ist
2648 3341 2753 3409 (sc.

399 3411 523 3467 dass
583 3409 673 3463 die
730 3408 1000 3464 Soldaten
1054 3409 1344 3464 desselben
1400 3408 1516 3462 ein·
1625 3410 1936 3464 calamitate
1969 3409 2201 3479 nostra),
2237 3426 2381 3479 ganz
2419 3427 2488 3463 zu
2516 3409 2752 3465 Grunde

397 3480 612 3537 rucken
637 3481 880 3535 wiirden.
923 3511 987 3521 -—
1026 3486 1078 3535 et
1102 3478 1271 3554 meae]
1304 3479 1519 3534 erklart
1623 3479 1856 3534 richten.
1952 3480 2085 3533 Zum
2150 3480 2446 3535 Ausdruck
2507 3481 2622 3550 vgl.
2672 3480 2753 3537 ΙΙ.

396 3554 517 3609 sich
564 3568 664 3606 aus
712 3568 799 3620 ep.
839 3558 886 3606 1.
926 3555 985 3606 5:
1039 3553 1131 3608 sed
1177 3552 1228 3605 si
1270 3552 1370 3606 hoc
1403 3552 1518 3619 fuit
1625 3556 1711 3606 27.
1736 3558 1791 3605 1:
1830 3552 1994 3618 facile
2019 3552 2221 3620 facie⁸;
2245 3550 2342 3606 IV.
2365 3556 2532 3607 10.2:
2555 3553 2752 3622 potior

397 3624 584 3681 laberis
617 3623 820 3677 nostris
855 3624 1086 3693 gratius.
1615 3624 1793 3691 possit
1829 3638 1952 3676 esse.

468 3702 518 3752 4.
580 3694 807 3748 Pisonis
898 3693 1119 3748 Ciceros
1173 3692 1517 3762 Schwieger·

396 3760 553 3823 sohn.
575 3796 644 3806 ——
662 3765 750 3818 De
831 3806 843 3818 .
866 3765 1042 3831 fratre
1099 3764 1291 3819 Cicero
1321 3763 1515 3830 denkt,
1621 3729 1870 3852 13]ῃῖθώξέ
1866 3727 2293 3870 Ξέίέῃεωξίθθῖω
2329 3727 2508 3870 ἄεξε
2536 3729 2751 3856 Ornadgg
2773 3747 2780 3752 ’

391 3835 1058 3976 ἷέθᾶῑῗῖνξζῗῑὲἶῖῗῗθη
1094 3834 1512 3960 Ζᾞῖὴῖῗετθὲἷ
1621 3871 1871 3940 glaubto.
1948 3868 2077 3939 Vgl·
2115 3869 2205 3926 ΒΥ·
2244 3869 2340 3926 IV·
2379 3877 2428 3926 9-
2473 3878 2529 3925 12
2578 3873 2751 3941 lov-aa

395 3977 581 4034 rentia
630 3978 743 4032 und
788 3977 1112 4049 Pomponia.
1164 4008 1228 4017 —
1275 3977 1420 4031 nihil
1463 3983 1515 4032 te
1621 3942 1962 4012 eumatio·

397 4048 674 4119 accusavi]
713 4048 860 4103 habe
897 4047 992 4103 ich
1028 4048 1117 4103 dir
1156 4049 1235 4117 (in
1271 4049 1513 4102 meinem
1695 4053 1741 4101 7.
1764 4046 2197 4117 Dyrrhachium]
2226 4047 2364 4101 fiber
2393 4048 2500 4104 den
2531 4047 2748 4118 Grund,

394 4122 660 4177 frfiheren
676 4119 883 4189 Briefe)
912 4136 1014 4190 gar
1038 4119 1204 4173 keine
1224 4118 1513 4174 Vorwfirfe
1620 4118 1871 4172 weshalb
1892 4135 1952 4171 er
1969 4118 2116 4171 nach
2135 4116 2200 4173 D.
2214 4118 2369 4187 ging,
2389 4137 2431 4174 s.
2448 4120 2536 4174 Br.
2557 4121 2597 4172 Ι.
2620 4126 2671 4174 4.
2691 4127 2746 4175 4.

397 4191 677 4277 gemacht.
752 4191 1014 4246 Terentia
1058 4191 1218 4244 hatte
1261 4189 1514 4245 offenbar
1621 4219 1687 4228 —
1746 4190 1919 4244 libera
1973 4190 2169 4243 civitas
2251 4190 2303 4242 S.
2353 4208 2398 4244 z.
2452 4188 2541 4245 Br.
2593 4197 2642 4244 1.
2690 4198 2746 4247 3.

394 4262 595 4332 1rgend
636 4262 759 4316 eine
798 4260 973 4317 Stelle
1009 4261 1071 4316 in
1105 4261 1289 4316 einem
1326 4261 1512 4316 Briefe
1623 4292 1682 4299 —-
1727 4261 1801 4315 ad
1836 4266 1886 4315 te
1921 4261 2155 4316 scribam
2220 4268 2369 4316 was?

395 4332 620 4400 Ciceros
657 4330 1141 4387 missverstanden.
