<?xml version="1.0" encoding="UTF-8"?>
<!DOCTYPE html PUBLIC "-//W3C//DTD XHTML 1.0 Transitional//EN"
    "http://www.w3.org/TR/xhtml1/DTD/xhtml1-transitional.dtd">
<html xmlns="http://www.w3.org/1999/xhtml" xml:lang="en" lang="en">
 <head>
  <title>
</title>
<meta http-equiv="Content-Type" content="text/html;charset=utf-8" />
  <meta name='ocr-system' content='tesseract 3.04.00' />
  <meta name='ocr-capabilities' content='ocr_page ocr_carea ocr_par ocr_line ocrx_word'/>
</head>
<body>
  <div class='ocr_page' id='page_1' title='image "ausgewhltebrief02freygoog_0137.png"; bbox 0 0 3000 4917; ppageno 0'>
   <div class='ocr_carea' id='block_1_1' title="bbox 931 221 2627 294">
    <p class='ocr_par' dir='ltr' id='par_1_1' title="bbox 931 221 2627 294">
     <span class='ocr_line' id='line_1_1' title="bbox 931 221 2627 294; baseline 0.011 -19"><span class='ocrx_word' id='word_1_1' title='bbox 931 221 1188 278; x_wconf 87' lang='lat' dir='ltr'>APPIUS</span> <span class='ocrx_word' id='word_1_2' title='bbox 1228 222 1590 280; x_wconf 84' lang='lat' dir='ltr'>CLAUDIUS</span> <span class='ocrx_word' id='word_1_3' title='bbox 1626 225 1980 282; x_wconf 87' lang='lat' dir='ltr'>PULCHER.</span> <span class='ocrx_word' id='word_1_4' title='bbox 2501 229 2627 294; x_wconf 78' lang='lat'>123</span> 
     </span>
    </p>
   </div>
   <div class='ocr_carea' id='block_1_2' title="bbox 1109 489 1790 557">
    <p class='ocr_par' dir='ltr' id='par_1_2' title="bbox 1109 489 1790 557">
     <span class='ocr_line' id='line_1_2' title="bbox 1109 489 1790 557; baseline 0.003 -2"><span class='ocrx_word' id='word_1_5' title='bbox 1109 489 1468 557; x_wconf 75' lang='lat' dir='ltr'><strong>EPISTULA</strong></span> <span class='ocrx_word' id='word_1_6' title='bbox 1515 492 1790 557; x_wconf 91' lang='lat' dir='ltr'>XXVII.</span> 
     </span>
    </p>
   </div>
   <div class='ocr_carea' id='block_1_3' title="bbox 938 629 1941 809">
    <p class='ocr_par' dir='ltr' id='par_1_3' title="bbox 938 629 1941 809">
     <span class='ocr_line' id='line_1_3' title="bbox 1190 629 1717 698; baseline 0.008 -16"><span class='ocrx_word' id='word_1_7' title='bbox 1190 629 1298 696; x_wconf 77' lang='lat' dir='ltr'>(Ad</span> <span class='ocrx_word' id='word_1_8' title='bbox 1334 630 1468 685; x_wconf 78' lang='lat' dir='ltr'>fam.</span> <span class='ocrx_word' id='word_1_9' title='bbox 1507 630 1602 685; x_wconf 92' lang='lat'>111.</span> <span class='ocrx_word' id='word_1_10' title='bbox 1642 633 1717 698; x_wconf 85' lang='lat'>9.)</span> 
     </span>
     <span class='ocr_line' id='line_1_4' title="bbox 938 749 1941 809; baseline 0.003 -4"><span class='ocrx_word' id='word_1_11' title='bbox 938 752 1013 809; x_wconf 85' lang='lat' dir='ltr'>M.</span> <span class='ocrx_word' id='word_1_12' title='bbox 1054 749 1312 806; x_wconf 80' lang='lat' dir='ltr'>CICERO</span> <span class='ocrx_word' id='word_1_13' title='bbox 1355 751 1462 807; x_wconf 74' lang='grc' dir='ltr'>ΑΡ.</span> <span class='ocrx_word' id='word_1_14' title='bbox 1504 751 1845 809; x_wconf 75' lang='lat' dir='ltr'>PULcflao</span> <span class='ocrx_word' id='word_1_15' title='bbox 1885 752 1941 808; x_wconf 82' lang='lat' dir='ltr'>s,</span> 
     </span>
    </p>
   </div>
   <div class='ocr_carea' id='block_1_4' title="bbox 247 879 2681 2466">
    <p class='ocr_par' dir='ltr' id='par_1_4' title="bbox 247 879 2681 2466">
     <span class='ocr_line' id='line_1_5' title="bbox 438 879 2681 967; baseline 0.002 -22"><span class='ocrx_word' id='word_1_16' title='bbox 438 879 571 946; x_wconf 87' lang='lat' dir='ltr'>Vix</span> <span class='ocrx_word' id='word_1_17' title='bbox 644 879 911 944; x_wconf 85' lang='lat' dir='ltr'>tandem</span> <span class='ocrx_word' id='word_1_18' title='bbox 983 879 1115 963; x_wconf 85' lang='lat' dir='ltr'>legi</span> <span class='ocrx_word' id='word_1_19' title='bbox 1187 879 1442 944; x_wconf 76' lang='lat' dir='ltr'>litteras</span> <span class='ocrx_word' id='word_1_20' title='bbox 1518 879 1748 964; x_wconf 84' lang='lat' dir='ltr'>dignas</span> <span class='ocrx_word' id='word_1_21' title='bbox 1822 880 1948 965; x_wconf 89' lang='lat' dir='ltr'>Ap.</span> <span class='ocrx_word' id='word_1_22' title='bbox 2014 879 2316 966; x_wconf 85' lang='lat' dir='ltr'>Claudio,</span> <span class='ocrx_word' id='word_1_23' title='bbox 2389 884 2615 967; x_wconf 89' lang='lat' dir='ltr'>plenas</span> <span class='ocrx_word' id='word_1_24' title='bbox 2648 887 2681 949; x_wconf 93' lang='lat'>1</span> 
     </span>
     <span class='ocr_line' id='line_1_6' title="bbox 255 966 2620 1053; baseline 0.002 -21"><span class='ocrx_word' id='word_1_25' title='bbox 255 969 705 1053; x_wconf 86' lang='lat' dir='ltr'>humanitatis,</span> <span class='ocrx_word' id='word_1_26' title='bbox 753 967 971 1050; x_wconf 86' lang='lat' dir='ltr'>officii,</span> <span class='ocrx_word' id='word_1_27' title='bbox 1020 967 1418 1053; x_wconf 71' lang='lat' dir='ltr'>diligentiae.</span> <span class='ocrx_word' id='word_1_28' title='bbox 1509 966 1875 1053; x_wconf 87' lang='lat' dir='ltr'>Adspectus</span> <span class='ocrx_word' id='word_1_29' title='bbox 1920 970 2223 1036; x_wconf 77' lang='lat' dir='ltr'>videlicet</span> <span class='ocrx_word' id='word_1_30' title='bbox 2267 971 2449 1036; x_wconf 89' lang='lat' dir='ltr'>urbis</span> <span class='ocrx_word' id='word_1_31' title='bbox 2496 973 2620 1037; x_wconf 90' lang='lat' dir='ltr'>tibi</span> 
     </span>
     <span class='ocr_line' id='line_1_7' title="bbox 259 1056 2620 1142; baseline 0.002 -21"><span class='ocrx_word' id='word_1_32' title='bbox 259 1062 449 1121; x_wconf 88' lang='lat' dir='ltr'>tuam</span> <span class='ocrx_word' id='word_1_33' title='bbox 486 1057 834 1142; x_wconf 76' lang='lat' dir='ltr'>pristinam</span> <span class='ocrx_word' id='word_1_34' title='bbox 873 1056 1311 1121; x_wconf 72' lang='lat' dir='ltr'>urbanitatem</span> <span class='ocrx_word' id='word_1_35' title='bbox 1346 1056 1652 1120; x_wconf 87' lang='lat' dir='ltr'>reddidit:</span> <span class='ocrx_word' id='word_1_36' title='bbox 1689 1079 1844 1121; x_wconf 92' lang='lat' dir='ltr'>nam</span> <span class='ocrx_word' id='word_1_37' title='bbox 1881 1081 2044 1142; x_wconf 85' lang='lat' dir='ltr'>quas</span> <span class='ocrx_word' id='word_1_38' title='bbox 2083 1081 2163 1123; x_wconf 85' lang='lat' dir='ltr'>ex</span> <span class='ocrx_word' id='word_1_39' title='bbox 2199 1059 2431 1123; x_wconf 90' lang='lat' dir='ltr'>itinere</span> <span class='ocrx_word' id='word_1_40' title='bbox 2469 1064 2620 1125; x_wconf 87' lang='lat' dir='ltr'>ante</span> 
     </span>
     <span class='ocr_line' id='line_1_8' title="bbox 258 1144 2619 1230; baseline 0.002 -21"><span class='ocrx_word' id='word_1_41' title='bbox 258 1167 457 1230; x_wconf 85' lang='lat' dir='ltr'>quam</span> <span class='ocrx_word' id='word_1_42' title='bbox 522 1167 600 1209; x_wconf 85' lang='lat' dir='ltr'>ex</span> <span class='ocrx_word' id='word_1_43' title='bbox 654 1146 817 1210; x_wconf 86' lang='lat' dir='ltr'>Asia</span> <span class='ocrx_word' id='word_1_44' title='bbox 884 1166 1181 1229; x_wconf 86' lang='lat' dir='ltr'>egressus</span> <span class='ocrx_word' id='word_1_45' title='bbox 1247 1166 1315 1209; x_wconf 89' lang='lat' dir='ltr'>es</span> <span class='ocrx_word' id='word_1_46' title='bbox 1383 1144 1464 1208; x_wconf 82' lang='lat' dir='ltr'>ad</span> <span class='ocrx_word' id='word_1_47' title='bbox 1522 1167 1626 1209; x_wconf 91' lang='lat' dir='ltr'>me</span> <span class='ocrx_word' id='word_1_48' title='bbox 1680 1145 1930 1211; x_wconf 85' lang='lat' dir='ltr'>litteras</span> <span class='ocrx_word' id='word_1_49' title='bbox 1988 1147 2258 1230; x_wconf 86' lang='lat' dir='ltr'>misisti,</span> <span class='ocrx_word' id='word_1_50' title='bbox 2320 1171 2484 1213; x_wconf 89' lang='lat' dir='ltr'>unas</span> <span class='ocrx_word' id='word_1_51' title='bbox 2541 1149 2619 1215; x_wconf 89' lang='lat' dir='ltr'>de</span> 
     </span>
     <span class='ocr_line' id='line_1_9' title="bbox 256 1233 2619 1320; baseline 0.002 -23"><span class='ocrx_word' id='word_1_52' title='bbox 256 1233 505 1317; x_wconf 83' lang='lat' dir='ltr'>legatis</span> <span class='ocrx_word' id='word_1_53' title='bbox 553 1257 591 1299; x_wconf 88' lang='lat' dir='ltr'>a</span> <span class='ocrx_word' id='word_1_54' title='bbox 637 1255 740 1298; x_wconf 90' lang='lat' dir='ltr'>me</span> <span class='ocrx_word' id='word_1_55' title='bbox 775 1233 1127 1318; x_wconf 86' lang='lat' dir='ltr'>prohibitis</span> <span class='ocrx_word' id='word_1_56' title='bbox 1165 1233 1509 1318; x_wconf 88' lang='lat' dir='ltr'>proficisci,</span> <span class='ocrx_word' id='word_1_57' title='bbox 1556 1234 1798 1299; x_wconf 88' lang='lat' dir='ltr'>alteras</span> <span class='ocrx_word' id='word_1_58' title='bbox 1838 1235 1916 1301; x_wconf 89' lang='lat' dir='ltr'>de</span> <span class='ocrx_word' id='word_1_59' title='bbox 1954 1234 2406 1320; x_wconf 86' lang='lat' dir='ltr'>Appianorum</span> <span class='ocrx_word' id='word_1_60' title='bbox 2445 1237 2619 1301; x_wconf 90' lang='lat' dir='ltr'>aedi-</span> 
     </span>
     <span class='ocr_line' id='line_1_10' title="bbox 253 1321 2618 1408; baseline 0.001 -21"><span class='ocrx_word' id='word_1_61' title='bbox 253 1323 562 1387; x_wconf 85' lang='lat' dir='ltr'>ficatione</span> <span class='ocrx_word' id='word_1_62' title='bbox 625 1321 973 1407; x_wconf 83' lang='lat' dir='ltr'>impedita,</span> <span class='ocrx_word' id='word_1_63' title='bbox 1035 1322 1169 1405; x_wconf 83' lang='lat' dir='ltr'>legi</span> <span class='ocrx_word' id='word_1_64' title='bbox 1232 1322 1622 1408; x_wconf 78' lang='lat' dir='ltr'>perinvitus3</span> <span class='ocrx_word' id='word_1_65' title='bbox 1688 1322 1909 1407; x_wconf 87' lang='lat' dir='ltr'>itaque</span> <span class='ocrx_word' id='word_1_66' title='bbox 1974 1325 2373 1389; x_wconf 86' lang='lat' dir='ltr'>conscientia</span> <span class='ocrx_word' id='word_1_67' title='bbox 2436 1347 2618 1390; x_wconf 89' lang='lat' dir='ltr'>meae</span> 
     </span>
     <span class='ocr_line' id='line_1_11' title="bbox 259 1410 2619 1495; baseline 0.001 -20"><span class='ocrx_word' id='word_1_68' title='bbox 259 1411 621 1475; x_wconf 87' lang='lat' dir='ltr'>constantis</span> <span class='ocrx_word' id='word_1_69' title='bbox 670 1431 825 1495; x_wconf 88' lang='lat' dir='ltr'>erga</span> <span class='ocrx_word' id='word_1_70' title='bbox 871 1414 937 1475; x_wconf 85' lang='lat' dir='ltr'>te</span> <span class='ocrx_word' id='word_1_71' title='bbox 984 1410 1342 1475; x_wconf 86' lang='lat' dir='ltr'>voluntatis</span> <span class='ocrx_word' id='word_1_72' title='bbox 1388 1411 1692 1495; x_wconf 76' lang='lat' dir='ltr'>rescripsi</span> <span class='ocrx_word' id='word_1_73' title='bbox 1738 1411 1866 1477; x_wconf 91' lang='lat' dir='ltr'>tibi</span> <span class='ocrx_word' id='word_1_74' title='bbox 1905 1412 2252 1477; x_wconf 66' lang='lat' dir='ltr'>subiratus</span> <span class='ocrx_word' id='word_1_75' title='bbox 2328 1413 2420 1478; x_wconf 90' lang='lat' dir='ltr'>Iis</span> <span class='ocrx_word' id='word_1_76' title='bbox 2467 1436 2619 1479; x_wconf 85' lang='lat' dir='ltr'>vero</span> 
     </span>
     <span class='ocr_line' id='line_1_12' title="bbox 255 1497 2618 1586; baseline 0.002 -23"><span class='ocrx_word' id='word_1_77' title='bbox 255 1500 501 1563; x_wconf 87' lang='lat' dir='ltr'>litteris</span> <span class='ocrx_word' id='word_1_78' title='bbox 546 1500 751 1578; x_wconf 75' lang='lat' dir='ltr'>lectiS‚</span> <span class='ocrx_word' id='word_1_79' title='bbox 799 1520 960 1583; x_wconf 87' lang='lat' dir='ltr'>quas</span> <span class='ocrx_word' id='word_1_80' title='bbox 998 1497 1373 1582; x_wconf 88' lang='lat' dir='ltr'>Philotim0,</span> <span class='ocrx_word' id='word_1_81' title='bbox 1417 1500 1649 1564; x_wconf 90' lang='lat' dir='ltr'>liberto</span> <span class='ocrx_word' id='word_1_82' title='bbox 1688 1521 1854 1584; x_wconf 88' lang='lat' dir='ltr'>meo,</span> <span class='ocrx_word' id='word_1_83' title='bbox 1899 1500 2155 1580; x_wconf 88' lang='lat' dir='ltr'>dedisti,</span> <span class='ocrx_word' id='word_1_84' title='bbox 2203 1503 2483 1586; x_wconf 82' lang='lat' dir='ltr'>cognovi</span> <span class='ocrx_word' id='word_1_85' title='bbox 2523 1503 2618 1567; x_wconf 91' lang='lat' dir='ltr'>in-</span> 
     </span>
     <span class='ocr_line' id='line_1_13' title="bbox 258 1585 2620 1673; baseline 0.001 -22"><span class='ocrx_word' id='word_1_86' title='bbox 258 1588 608 1672; x_wconf 83' lang='lat' dir='ltr'>tellexique</span> <span class='ocrx_word' id='word_1_87' title='bbox 645 1588 716 1651; x_wconf 89' lang='lat' dir='ltr'>in</span> <span class='ocrx_word' id='word_1_88' title='bbox 753 1587 1090 1671; x_wconf 83' lang='lat' dir='ltr'>provincia</span> <span class='ocrx_word' id='word_1_89' title='bbox 1126 1587 1369 1651; x_wconf 87' lang='lat' dir='ltr'>multos</span> <span class='ocrx_word' id='word_1_90' title='bbox 1406 1587 1628 1671; x_wconf 88' lang='lat' dir='ltr'>fuisse,</span> <span class='ocrx_word' id='word_1_91' title='bbox 1674 1590 1784 1672; x_wconf 88' lang='lat' dir='ltr'>qui</span> <span class='ocrx_word' id='word_1_92' title='bbox 1830 1585 1972 1673; x_wconf 89' lang='lat' dir='ltr'>nos,</span> <span class='ocrx_word' id='word_1_93' title='bbox 2020 1612 2148 1673; x_wconf 90' lang='lat' dir='ltr'>quo</span> <span class='ocrx_word' id='word_1_94' title='bbox 2192 1591 2409 1655; x_wconf 85' lang='lat' dir='ltr'>animo</span> <span class='ocrx_word' id='word_1_95' title='bbox 2447 1592 2620 1655; x_wconf 85' lang='lat' dir='ltr'>inter</span> 
     </span>
     <span class='ocr_line' id='line_1_14' title="bbox 253 1675 2616 1764; baseline 0.002 -24"><span class='ocrx_word' id='word_1_96' title='bbox 253 1697 374 1741; x_wconf 91' lang='lat' dir='ltr'>nos</span> <span class='ocrx_word' id='word_1_97' title='bbox 407 1698 648 1758; x_wconf 65' lang='lat' dir='ltr'>summ,</span> <span class='ocrx_word' id='word_1_98' title='bbox 687 1697 828 1741; x_wconf 88' lang='lat' dir='ltr'>esse</span> <span class='ocrx_word' id='word_1_99' title='bbox 865 1676 1148 1760; x_wconf 82' lang='lat' dir='ltr'>nollent3</span> <span class='ocrx_word' id='word_1_100' title='bbox 1188 1675 1270 1739; x_wconf 96' lang='lat' dir='ltr'>ad</span> <span class='ocrx_word' id='word_1_101' title='bbox 1309 1676 1536 1740; x_wconf 91' lang='lat' dir='ltr'>urbem</span> <span class='ocrx_word' id='word_1_102' title='bbox 1570 1698 1724 1741; x_wconf 75' lang='lat' dir='ltr'>vero</span> <span class='ocrx_word' id='word_1_103' title='bbox 1763 1680 1837 1741; x_wconf 93' lang='lat' dir='ltr'>ut</span> <span class='ocrx_word' id='word_1_104' title='bbox 1874 1678 2219 1742; x_wconf 83' lang='lat' dir='ltr'>accesseris</span> <span class='ocrx_word' id='word_1_105' title='bbox 2259 1679 2361 1742; x_wconf 81' lang='lat' dir='ltr'>vel</span> <span class='ocrx_word' id='word_1_106' title='bbox 2398 1680 2616 1764; x_wconf 89' lang='lat' dir='ltr'>potius</span> 
     </span>
     <span class='ocr_line' id='line_1_15' title="bbox 255 1762 2617 1851; baseline 0.001 -23"><span class='ocrx_word' id='word_1_107' title='bbox 255 1762 339 1828; x_wconf 71' lang='lat' dir='ltr'>ut&#39;</span> <span class='ocrx_word' id='word_1_108' title='bbox 365 1765 649 1849; x_wconf 91' lang='lat' dir='ltr'>primum</span> <span class='ocrx_word' id='word_1_109' title='bbox 687 1768 837 1830; x_wconf 89' lang='lat' dir='ltr'>tuos</span> <span class='ocrx_word' id='word_1_110' title='bbox 877 1763 1135 1848; x_wconf 84' lang='lat' dir='ltr'>videris,</span> <span class='ocrx_word' id='word_1_111' title='bbox 1184 1783 1501 1848; x_wconf 85' lang='lat' dir='ltr'>cognosse</span> <span class='ocrx_word' id='word_1_112' title='bbox 1538 1768 1605 1828; x_wconf 90' lang='lat' dir='ltr'>te</span> <span class='ocrx_word' id='word_1_113' title='bbox 1644 1786 1720 1828; x_wconf 86' lang='lat' dir='ltr'>ex</span> <span class='ocrx_word' id='word_1_114' title='bbox 1757 1765 1858 1849; x_wconf 85' lang='lat' dir='ltr'>iis,</span> <span class='ocrx_word' id='word_1_115' title='bbox 1905 1788 2034 1851; x_wconf 86' lang='lat' dir='ltr'>qua</span> <span class='ocrx_word' id='word_1_116' title='bbox 2069 1766 2137 1830; x_wconf 90' lang='lat' dir='ltr'>in</span> <span class='ocrx_word' id='word_1_117' title='bbox 2174 1770 2241 1830; x_wconf 90' lang='lat' dir='ltr'>te</span> <span class='ocrx_word' id='word_1_118' title='bbox 2279 1767 2617 1831; x_wconf 87' lang='lat' dir='ltr'>absentem</span> 
     </span>
     <span class='ocr_line' id='line_1_16' title="bbox 249 1851 2617 1938; baseline 0.002 -22"><span class='ocrx_word' id='word_1_119' title='bbox 249 1853 407 1933; x_wconf 86' lang='lat' dir='ltr'>fide,</span> <span class='ocrx_word' id='word_1_120' title='bbox 475 1876 603 1938; x_wconf 88' lang='lat' dir='ltr'>qua</span> <span class='ocrx_word' id='word_1_121' title='bbox 657 1853 727 1917; x_wconf 92' lang='lat' dir='ltr'>in</span> <span class='ocrx_word' id='word_1_122' title='bbox 782 1853 1084 1918; x_wconf 90' lang='lat' dir='ltr'>omnibus</span> <span class='ocrx_word' id='word_1_123' title='bbox 1142 1851 1371 1917; x_wconf 82' lang='lat' dir='ltr'>officiis</span> <span class='ocrx_word' id='word_1_124' title='bbox 1431 1853 1686 1916; x_wconf 89' lang='lat' dir='ltr'>tuendis</span> <span class='ocrx_word' id='word_1_125' title='bbox 1743 1874 1900 1938; x_wconf 86' lang='lat' dir='ltr'>erga</span> <span class='ocrx_word' id='word_1_126' title='bbox 1954 1858 2020 1918; x_wconf 86' lang='lat' dir='ltr'>te</span> <span class='ocrx_word' id='word_1_127' title='bbox 2078 1854 2496 1920; x_wconf 82' lang='lat' dir='ltr'>observantia</span> <span class='ocrx_word' id='word_1_128' title='bbox 2551 1859 2617 1920; x_wconf 92' lang='lat' dir='ltr'>et</span> 
     </span>
     <span class='ocr_line' id='line_1_17' title="bbox 258 1940 2616 2029; baseline 0.002 -24"><span class='ocrx_word' id='word_1_129' title='bbox 258 1944 632 2007; x_wconf 83' lang='lat' dir='ltr'>constantia</span> <span class='ocrx_word' id='word_1_130' title='bbox 686 1941 975 2007; x_wconf 83' lang='lat' dir='ltr'>fuissem.</span> <span class='ocrx_word' id='word_1_131' title='bbox 1065 1940 1294 2026; x_wconf 82' lang='lat' dir='ltr'>Itaque</span> <span class='ocrx_word' id='word_1_132' title='bbox 1352 1941 1579 2025; x_wconf 85' lang='lat' dir='ltr'>quanti</span> <span class='ocrx_word' id='word_1_133' title='bbox 1635 1941 1794 2013; x_wconf 87' lang='lat' dir='ltr'>illud</span> <span class='ocrx_word' id='word_1_134' title='bbox 1850 1964 1953 2007; x_wconf 93' lang='lat' dir='ltr'>me</span> <span class='ocrx_word' id='word_1_135' title='bbox 2009 1943 2356 2008; x_wconf 90' lang='lat' dir='ltr'>aestimare</span> <span class='ocrx_word' id='word_1_136' title='bbox 2402 1949 2616 2029; x_wconf 75' lang='lat' dir='ltr'>patae,</span> 
     </span>
     <span class='ocr_line' id='line_1_18' title="bbox 251 2029 2614 2117; baseline 0.002 -24"><span class='ocrx_word' id='word_1_137' title='bbox 251 2030 425 2113; x_wconf 91' lang='lat' dir='ltr'>quod</span> <span class='ocrx_word' id='word_1_138' title='bbox 472 2034 573 2094; x_wconf 90' lang='lat' dir='ltr'>est</span> <span class='ocrx_word' id='word_1_139' title='bbox 619 2031 687 2094; x_wconf 93' lang='lat' dir='ltr'>in</span> <span class='ocrx_word' id='word_1_140' title='bbox 733 2030 867 2095; x_wconf 86' lang='lat' dir='ltr'>tuis</span> <span class='ocrx_word' id='word_1_141' title='bbox 914 2030 1150 2094; x_wconf 91' lang='lat' dir='ltr'>litteris</span> <span class='ocrx_word' id='word_1_142' title='bbox 1200 2029 1542 2114; x_wconf 89' lang='lat' dir='ltr'>scriptum:</span> <span class='ocrx_word' id='word_1_143' title='bbox 1601 2029 1656 2094; x_wconf 90' lang='lat' dir='ltr'>si</span> <span class='ocrx_word' id='word_1_144' title='bbox 1703 2030 1855 2114; x_wconf 87' lang='lat' dir='ltr'>quid</span> <span class='ocrx_word' id='word_1_145' title='bbox 1912 2031 2245 2117; x_wconf 86' lang='lat' dir='ltr'>inciderit,</span> <span class='ocrx_word' id='word_1_146' title='bbox 2302 2032 2474 2117; x_wconf 91' lang='lat' dir='ltr'>quod</span> <span class='ocrx_word' id='word_1_147' title='bbox 2533 2033 2614 2097; x_wconf 88' lang='lat' dir='ltr'>ad</span> 
     </span>
     <span class='ocr_line' id='line_1_19' title="bbox 249 2116 2613 2203; baseline 0.003 -22"><span class='ocrx_word' id='word_1_148' title='bbox 249 2139 459 2181; x_wconf 87' lang='lat' dir='ltr'>meam</span> <span class='ocrx_word' id='word_1_149' title='bbox 528 2118 915 2201; x_wconf 88' lang='lat' dir='ltr'>dignitatem</span> <span class='ocrx_word' id='word_1_150' title='bbox 981 2118 1333 2201; x_wconf 88' lang='lat' dir='ltr'>pertineat,</span> <span class='ocrx_word' id='word_1_151' title='bbox 1398 2118 1524 2182; x_wconf 92' lang='lat' dir='ltr'>etsi</span> <span class='ocrx_word' id='word_1_152' title='bbox 1588 2116 1694 2183; x_wconf 78' lang='lat' dir='ltr'>vix</span> <span class='ocrx_word' id='word_1_153' title='bbox 1751 2119 1894 2183; x_wconf 92' lang='lat' dir='ltr'>fieri</span> <span class='ocrx_word' id='word_1_154' title='bbox 1963 2121 2199 2203; x_wconf 88' lang='lat' dir='ltr'>possit,</span> <span class='ocrx_word' id='word_1_155' title='bbox 2266 2125 2483 2186; x_wconf 92' lang='lat' dir='ltr'>tamen</span> <span class='ocrx_word' id='word_1_156' title='bbox 2547 2125 2613 2187; x_wconf 91' lang='lat' dir='ltr'>te</span> 
     </span>
     <span class='ocr_line' id='line_1_20' title="bbox 247 2206 2615 2294; baseline 0.002 -24"><span class='ocrx_word' id='word_1_157' title='bbox 247 2228 475 2292; x_wconf 90' lang='lat' dir='ltr'>parem</span> <span class='ocrx_word' id='word_1_158' title='bbox 534 2206 699 2270; x_wconf 87' lang='lat' dir='ltr'>mihi</span> <span class='ocrx_word' id='word_1_159' title='bbox 753 2206 1035 2290; x_wconf 83' lang='lat' dir='ltr'>gratiam</span> <span class='ocrx_word' id='word_1_160' title='bbox 1092 2207 1465 2271; x_wconf 85' lang='lat' dir='ltr'>relaturum.</span> <span class='ocrx_word' id='word_1_161' title='bbox 1558 2207 1659 2271; x_wconf 88' lang='lat' dir='ltr'>Tu</span> <span class='ocrx_word' id='word_1_162' title='bbox 1712 2229 1862 2272; x_wconf 83' lang='lat' dir='ltr'>vero</span> <span class='ocrx_word' id='word_1_163' title='bbox 1921 2207 2111 2273; x_wconf 88' lang='lat' dir='ltr'>facile</span> <span class='ocrx_word' id='word_1_164' title='bbox 2167 2207 2393 2294; x_wconf 80' lang='lat' dir='ltr'>facies3</span> <span class='ocrx_word' id='word_1_165' title='bbox 2447 2210 2615 2274; x_wconf 89' lang='lat' dir='ltr'>nihil</span> 
     </span>
     <span class='ocr_line' id='line_1_21' title="bbox 255 2294 2613 2381; baseline 0.002 -23"><span class='ocrx_word' id='word_1_166' title='bbox 255 2299 357 2359; x_wconf 85' lang='lat' dir='ltr'>est</span> <span class='ocrx_word' id='word_1_167' title='bbox 402 2294 600 2374; x_wconf 89' lang='lat' dir='ltr'>enim,</span> <span class='ocrx_word' id='word_1_168' title='bbox 660 2295 830 2379; x_wconf 88' lang='lat' dir='ltr'>quod</span> <span class='ocrx_word' id='word_1_169' title='bbox 879 2294 1092 2359; x_wconf 87' lang='lat' dir='ltr'>studio</span> <span class='ocrx_word' id='word_1_170' title='bbox 1143 2300 1209 2359; x_wconf 91' lang='lat' dir='ltr'>et</span> <span class='ocrx_word' id='word_1_171' title='bbox 1254 2294 1708 2360; x_wconf 82' lang='lat' dir='ltr'>benevolentia</span> <span class='ocrx_word' id='word_1_172' title='bbox 1754 2296 1855 2360; x_wconf 85' lang='lat' dir='ltr'>vel</span> <span class='ocrx_word' id='word_1_173' title='bbox 1913 2318 2133 2361; x_wconf 89' lang='lat' dir='ltr'>amore</span> <span class='ocrx_word' id='word_1_174' title='bbox 2180 2299 2396 2381; x_wconf 88' lang='lat' dir='ltr'>potius</span> <span class='ocrx_word' id='word_1_175' title='bbox 2444 2298 2613 2364; x_wconf 89' lang='lat' dir='ltr'>effici</span> 
     </span>
     <span class='ocr_line' id='line_1_22' title="bbox 253 2384 665 2466; baseline 0 -19"><span class='ocrx_word' id='word_1_176' title='bbox 253 2406 389 2448; x_wconf 91' lang='lat' dir='ltr'>non</span> <span class='ocrx_word' id='word_1_177' title='bbox 436 2384 665 2466; x_wconf 88' lang='lat' dir='ltr'>possit.</span> 
     </span>
    </p>
   </div>
   <div class='ocr_carea' id='block_1_5' title="bbox 433 2470 2674 2557">
    <p class='ocr_par' dir='ltr' id='par_1_5' title="bbox 433 2470 2674 2557">
     <span class='ocr_line' id='line_1_23' title="bbox 433 2470 2674 2557; baseline 0.002 -21"><span class='ocrx_word' id='word_1_178' title='bbox 433 2473 608 2557; x_wconf 81' lang='lat' dir='ltr'>Ego,</span> <span class='ocrx_word' id='word_1_179' title='bbox 670 2470 793 2535; x_wconf 90' lang='lat' dir='ltr'>etsi</span> <span class='ocrx_word' id='word_1_180' title='bbox 844 2475 909 2536; x_wconf 90' lang='lat' dir='ltr'>et</span> <span class='ocrx_word' id='word_1_181' title='bbox 953 2472 1095 2555; x_wconf 89' lang='lat' dir='ltr'>ipse</span> <span class='ocrx_word' id='word_1_182' title='bbox 1143 2472 1238 2536; x_wconf 88' lang='lat' dir='ltr'>ita</span> <span class='ocrx_word' id='word_1_183' title='bbox 1282 2471 1649 2536; x_wconf 83' lang='lat' dir='ltr'>iudicabam</span> <span class='ocrx_word' id='word_1_184' title='bbox 1697 2475 1762 2536; x_wconf 85' lang='lat' dir='ltr'>et</span> <span class='ocrx_word' id='word_1_185' title='bbox 1807 2472 2041 2536; x_wconf 87' lang='lat' dir='ltr'>fiebam</span> <span class='ocrx_word' id='word_1_186' title='bbox 2090 2473 2314 2538; x_wconf 87' lang='lat' dir='ltr'>crebro</span> <span class='ocrx_word' id='word_1_187' title='bbox 2363 2496 2402 2537; x_wconf 86' lang='lat' dir='ltr'>a</span> <span class='ocrx_word' id='word_1_188' title='bbox 2447 2474 2607 2538; x_wconf 87' lang='lat' dir='ltr'>meis</span> <span class='ocrx_word' id='word_1_189' title='bbox 2633 2477 2674 2541; x_wconf 83' lang='lat'>2</span> 
     </span>
    </p>
   </div>
   <div class='ocr_carea' id='block_1_6' title="bbox 239 2678 1380 4449">
    <p class='ocr_par' dir='ltr' id='par_1_6' title="bbox 249 2678 1378 2820">
     <span class='ocr_line' id='line_1_24' title="bbox 318 2678 1378 2749; baseline -0.002 -15"><span class='ocrx_word' id='word_1_190' title='bbox 318 2680 500 2735; x_wconf 73' lang='lat' dir='ltr'>Emer.</span> <span class='ocrx_word' id='word_1_191' title='bbox 521 2680 748 2734; x_wconf 90' lang='lat' dir='ltr'>XXVII.</span> <span class='ocrx_word' id='word_1_192' title='bbox 778 2681 922 2748; x_wconf 77' lang='lat'>(⁷04.</span> <span class='ocrx_word' id='word_1_193' title='bbox 945 2682 1054 2749; x_wconf 81' lang='lat'>60.)</span> <span class='ocrx_word' id='word_1_194' title='bbox 1085 2680 1198 2735; x_wconf 91' lang='lat' dir='ltr'>Der</span> <span class='ocrx_word' id='word_1_195' title='bbox 1224 2678 1378 2734; x_wconf 74' lang='lat' dir='ltr'>Brief</span> 
     </span>
     <span class='ocr_line' id='line_1_25' title="bbox 249 2750 1146 2820; baseline -0.003 -13"><span class='ocrx_word' id='word_1_196' title='bbox 249 2751 330 2807; x_wconf 88' lang='lat' dir='ltr'>ist</span> <span class='ocrx_word' id='word_1_197' title='bbox 365 2751 443 2807; x_wconf 88' lang='lat' dir='ltr'>im</span> <span class='ocrx_word' id='word_1_198' title='bbox 478 2751 728 2806; x_wconf 85' lang='lat' dir='ltr'>Februar</span> <span class='ocrx_word' id='word_1_199' title='bbox 762 2750 1146 2820; x_wconf 85' lang='lat' dir='ltr'>geschrieben.</span> 
     </span>
    </p>

    <p class='ocr_par' dir='ltr' id='par_1_7' title="bbox 239 2820 1380 4449">
     <span class='ocr_line' id='line_1_26' title="bbox 334 2820 1376 2893; baseline -0.001 -17"><span class='ocrx_word' id='word_1_200' title='bbox 334 2829 381 2876; x_wconf 89' lang='lat'>1.</span> <span class='ocrx_word' id='word_1_201' title='bbox 437 2822 832 2893; x_wconf 77' lang='lat' dir='ltr'>urbanitatem]</span> <span class='ocrx_word' id='word_1_202' title='bbox 889 2822 1044 2878; x_wconf 82' lang='lat' dir='ltr'>Fam.</span> <span class='ocrx_word' id='word_1_203' title='bbox 1098 2820 1197 2877; x_wconf 89' lang='grc' dir='ltr'><strong>ΙΙΙ.</strong></span> <span class='ocrx_word' id='word_1_204' title='bbox 1237 2827 1286 2876; x_wconf 89' lang='lat'>8.</span> <span class='ocrx_word' id='word_1_205' title='bbox 1327 2827 1376 2875; x_wconf 82' lang='grc'>3.</span> 
     </span>
     <span class='ocr_line' id='line_1_27' title="bbox 248 2890 1380 2962; baseline -0.001 -14"><span class='ocrx_word' id='word_1_206' title='bbox 248 2892 503 2948; x_wconf 84' lang='lat' dir='ltr'>schreibt</span> <span class='ocrx_word' id='word_1_207' title='bbox 521 2891 631 2948; x_wconf 87' lang='lat' dir='ltr'>Cic.</span> <span class='ocrx_word' id='word_1_208' title='bbox 653 2910 726 2947; x_wconf 88' lang='lat' dir='ltr'>an</span> <span class='ocrx_word' id='word_1_209' title='bbox 751 2890 995 2962; x_wconf 80' lang='lat' dir='ltr'>Appius:</span> <span class='ocrx_word' id='word_1_210' title='bbox 1034 2898 1086 2947; x_wconf 88' lang='lat' dir='ltr'>te</span> <span class='ocrx_word' id='word_1_211' title='bbox 1111 2894 1380 2947; x_wconf 78' lang='lat' dir='ltr'>hominem</span> 
     </span>
     <span class='ocr_line' id='line_1_28' title="bbox 252 2964 1378 3034; baseline 0 -16"><span class='ocrx_word' id='word_1_212' title='bbox 252 2980 372 3018; x_wconf 77' lang='lat' dir='ltr'>non</span> <span class='ocrx_word' id='word_1_213' title='bbox 407 2965 582 3019; x_wconf 77' lang='lat' dir='ltr'>solum</span> <span class='ocrx_word' id='word_1_214' title='bbox 617 2965 939 3034; x_wconf 76' lang='lat' dir='ltr'>sapientem,</span> <span class='ocrx_word' id='word_1_215' title='bbox 975 2980 1162 3019; x_wconf 77' lang='lat' dir='ltr'>verum</span> <span class='ocrx_word' id='word_1_216' title='bbox 1196 2964 1378 3030; x_wconf 83' lang='lat' dir='ltr'>etiam,</span> 
     </span>
     <span class='ocr_line' id='line_1_29' title="bbox 247 3033 1377 3104; baseline -0.002 -14"><span class='ocrx_word' id='word_1_217' title='bbox 247 3040 320 3090; x_wconf 76' lang='lat' dir='ltr'>ut</span> <span class='ocrx_word' id='word_1_218' title='bbox 342 3052 494 3090; x_wconf 72' lang='lat' dir='ltr'>nanc</span> <span class='ocrx_word' id='word_1_219' title='bbox 512 3035 801 3104; x_wconf 74' lang='lat' dir='ltr'>loquimur,</span> <span class='ocrx_word' id='word_1_220' title='bbox 832 3036 1106 3090; x_wconf 71' lang='lat' dir='ltr'>urbanum</span> <span class='ocrx_word' id='word_1_221' title='bbox 1129 3039 1221 3090; x_wconf 86' lang='lat' dir='ltr'>etc.</span> <span class='ocrx_word' id='word_1_222' title='bbox 1263 3033 1377 3089; x_wconf 86' lang='lat' dir='ltr'>Das</span> 
     </span>
     <span class='ocr_line' id='line_1_30' title="bbox 246 3104 1377 3161; baseline 0.001 -3"><span class='ocrx_word' id='word_1_223' title='bbox 246 3106 425 3160; x_wconf 88' lang='lat' dir='ltr'>Wort</span> <span class='ocrx_word' id='word_1_224' title='bbox 459 3104 678 3161; x_wconf 87' lang='lat' dir='ltr'>scheint</span> <span class='ocrx_word' id='word_1_225' title='bbox 714 3104 931 3160; x_wconf 85' lang='lat' dir='ltr'>damals</span> <span class='ocrx_word' id='word_1_226' title='bbox 966 3104 1027 3159; x_wconf 89' lang='lat' dir='ltr'>in</span> <span class='ocrx_word' id='word_1_227' title='bbox 1059 3104 1377 3159; x_wconf 80' lang='lat' dir='ltr'>Aufnahme</span> 
     </span>
     <span class='ocr_line' id='line_1_31' title="bbox 246 3176 1379 3246; baseline -0.002 -15"><span class='ocrx_word' id='word_1_228' title='bbox 246 3176 593 3246; x_wconf 82' lang='lat' dir='ltr'>gekommen</span> <span class='ocrx_word' id='word_1_229' title='bbox 621 3195 687 3230; x_wconf 87' lang='lat' dir='ltr'>zu</span> <span class='ocrx_word' id='word_1_230' title='bbox 717 3176 835 3230; x_wconf 84' lang='lat' dir='ltr'>sein</span> <span class='ocrx_word' id='word_1_231' title='bbox 864 3193 960 3230; x_wconf 87' lang='lat' dir='ltr'>zur</span> <span class='ocrx_word' id='word_1_232' title='bbox 986 3176 1379 3245; x_wconf 84' lang='lat' dir='ltr'>Bezeichnung</span> 
     </span>
     <span class='ocr_line' id='line_1_32' title="bbox 245 3245 1377 3315; baseline 0 -14"><span class='ocrx_word' id='word_1_233' title='bbox 245 3249 442 3315; x_wconf 87' lang='lat' dir='ltr'>derer,</span> <span class='ocrx_word' id='word_1_234' title='bbox 489 3246 580 3301; x_wconf 91' lang='lat' dir='ltr'>die</span> <span class='ocrx_word' id='word_1_235' title='bbox 626 3247 746 3302; x_wconf 86' lang='lat' dir='ltr'>sich</span> <span class='ocrx_word' id='word_1_236' title='bbox 793 3245 901 3301; x_wconf 89' lang='lat' dir='ltr'>den</span> <span class='ocrx_word' id='word_1_237' title='bbox 940 3247 1063 3302; x_wconf 84' lang='lat' dir='ltr'>Tou</span> <span class='ocrx_word' id='word_1_238' title='bbox 1110 3247 1209 3300; x_wconf 88' lang='lat' dir='ltr'>der</span> <span class='ocrx_word' id='word_1_239' title='bbox 1255 3263 1377 3301; x_wconf 87' lang='lat' dir='ltr'>vor-</span> 
     </span>
     <span class='ocr_line' id='line_1_33' title="bbox 243 3315 1373 3401; baseline -0.003 -28"><span class='ocrx_word' id='word_1_240' title='bbox 243 3320 494 3399; x_wconf 76' lang='lat' dir='ltr'>nehmen</span> <span class='ocrx_word' id='word_1_241' title='bbox 522 3316 842 3372; x_wconf 70' lang='lat' dir='ltr'>romischen</span> <span class='ocrx_word' id='word_1_242' title='bbox 870 3315 1249 3401; x_wconf 74' lang='lat' dir='ltr'>Gesellschaft</span> <span class='ocrx_word' id='word_1_243' title='bbox 1277 3333 1373 3399; x_wconf 78' lang='lat' dir='ltr'>an-</span> 
     </span>
     <span class='ocr_line' id='line_1_34' title="bbox 242 3388 1376 3542; baseline -0.001 -28"><span class='ocrx_word' id='word_1_244' title='bbox 242 3388 1013 3542; x_wconf 50' lang='lat' dir='ltr'>{ssssssffffssfiessbgssgsssssstfffi</span> <span class='ocrx_word' id='word_1_245' title='bbox 1037 3388 1376 3541; x_wconf 43' lang='lat' dir='ltr'>&amp;3332ssss</span> 
     </span>
     <span class='ocr_line' id='line_1_35' title="bbox 239 3528 1372 3586; baseline -0.002 0"><span class='ocrx_word' id='word_1_246' title='bbox 239 3531 340 3586; x_wconf 89' lang='lat' dir='ltr'>die</span> <span class='ocrx_word' id='word_1_247' title='bbox 398 3529 597 3585; x_wconf 69' lang='lat' dir='ltr'>Stadte</span> <span class='ocrx_word' id='word_1_248' title='bbox 655 3528 754 3584; x_wconf 90' lang='lat' dir='ltr'>der</span> <span class='ocrx_word' id='word_1_249' title='bbox 801 3529 1036 3584; x_wconf 82' lang='lat' dir='ltr'>Provmz</span> <span class='ocrx_word' id='word_1_250' title='bbox 1090 3545 1214 3584; x_wconf 88' lang='lat' dir='ltr'>eme</span> <span class='ocrx_word' id='word_1_251' title='bbox 1266 3529 1372 3584; x_wconf 86' lang='lat' dir='ltr'>Ge-</span> 
     </span>
     <span class='ocr_line' id='line_1_36' title="bbox 239 3600 1371 3668; baseline -0.003 -13"><span class='ocrx_word' id='word_1_252' title='bbox 239 3600 605 3656; x_wconf 79' lang='lat' dir='ltr'>sandtschaft</span> <span class='ocrx_word' id='word_1_253' title='bbox 639 3601 785 3654; x_wconf 87' lang='lat' dir='ltr'>nach</span> <span class='ocrx_word' id='word_1_254' title='bbox 819 3600 962 3654; x_wconf 84' lang='lat' dir='ltr'>Rom</span> <span class='ocrx_word' id='word_1_255' title='bbox 992 3618 1061 3654; x_wconf 84' lang='lat' dir='ltr'>zu</span> <span class='ocrx_word' id='word_1_256' title='bbox 1090 3600 1371 3668; x_wconf 84' lang='lat' dir='ltr'>schieken,</span> 
     </span>
     <span class='ocr_line' id='line_1_37' title="bbox 239 3669 1371 3741; baseline -0.003 -14"><span class='ocrx_word' id='word_1_257' title='bbox 239 3690 343 3727; x_wconf 90' lang='lat' dir='ltr'>um</span> <span class='ocrx_word' id='word_1_258' title='bbox 372 3672 465 3726; x_wconf 88' lang='lat' dir='ltr'>die</span> <span class='ocrx_word' id='word_1_259' title='bbox 486 3672 850 3741; x_wconf 83' lang='lat' dir='ltr'>Verwaltung</span> <span class='ocrx_word' id='word_1_260' title='bbox 877 3671 974 3725; x_wconf 87' lang='lat' dir='ltr'>des</span> <span class='ocrx_word' id='word_1_261' title='bbox 1005 3669 1371 3725; x_wconf 84' lang='lat' dir='ltr'>Statthalters</span> 
     </span>
     <span class='ocr_line' id='line_1_38' title="bbox 240 3740 1370 3798; baseline -0.004 0"><span class='ocrx_word' id='word_1_262' title='bbox 240 3763 315 3798; x_wconf 86' lang='lat' dir='ltr'>zu</span> <span class='ocrx_word' id='word_1_263' title='bbox 361 3744 549 3798; x_wconf 89' lang='lat' dir='ltr'>loben.</span> <span class='ocrx_word' id='word_1_264' title='bbox 623 3742 690 3797; x_wconf 87' lang='lat' dir='ltr'>Je</span> <span class='ocrx_word' id='word_1_265' title='bbox 737 3740 1053 3797; x_wconf 87' lang='lat' dir='ltr'>schlechter</span> <span class='ocrx_word' id='word_1_266' title='bbox 1099 3741 1192 3796; x_wconf 90' lang='lat' dir='ltr'>die</span> <span class='ocrx_word' id='word_1_267' title='bbox 1236 3741 1370 3795; x_wconf 90' lang='lat' dir='ltr'>Ver-</span> 
     </span>
     <span class='ocr_line' id='line_1_39' title="bbox 240 3813 1372 3884; baseline -0.004 -15"><span class='ocrx_word' id='word_1_268' title='bbox 240 3815 504 3884; x_wconf 80' lang='lat' dir='ltr'>waltung</span> <span class='ocrx_word' id='word_1_269' title='bbox 540 3829 812 3882; x_wconf 81' lang='lat' dir='ltr'>gewesen,</span> <span class='ocrx_word' id='word_1_270' title='bbox 851 3829 948 3866; x_wconf 91' lang='lat' dir='ltr'>um</span> <span class='ocrx_word' id='word_1_271' title='bbox 975 3828 1037 3866; x_wconf 85' lang='lat' dir='ltr'>so</span> <span class='ocrx_word' id='word_1_272' title='bbox 1066 3813 1228 3867; x_wconf 87' lang='lat' dir='ltr'>mehr</span> <span class='ocrx_word' id='word_1_273' title='bbox 1254 3828 1372 3867; x_wconf 84' lang='lat' dir='ltr'>war</span> 
     </span>
     <span class='ocr_line' id='line_1_40' title="bbox 242 3882 1370 3954; baseline -0.004 -14"><span class='ocrx_word' id='word_1_274' title='bbox 242 3916 315 3926; x_wconf 84' lang='lat'>--</span> <span class='ocrx_word' id='word_1_275' title='bbox 370 3884 478 3939; x_wconf 80' lang='lat' dir='ltr'>wie</span> <span class='ocrx_word' id='word_1_276' title='bbox 546 3883 647 3939; x_wconf 83' lang='lat' dir='ltr'>das</span> <span class='ocrx_word' id='word_1_277' title='bbox 711 3882 955 3954; x_wconf 85' lang='lat' dir='ltr'>Beispiel</span> <span class='ocrx_word' id='word_1_278' title='bbox 1019 3884 1117 3938; x_wconf 87' lang='lat' dir='ltr'>des</span> <span class='ocrx_word' id='word_1_279' title='bbox 1170 3882 1370 3937; x_wconf 86' lang='lat' dir='ltr'>Verres</span> 
     </span>
     <span class='ocr_line' id='line_1_41' title="bbox 242 3954 1378 4093; baseline -0.003 -12"><span class='ocrx_word' id='word_1_280' title='bbox 242 3957 553 4093; x_wconf 57' lang='lat' dir='ltr'>effi:</span> <span class='ocrx_word' id='word_1_281' title='bbox 600 3954 1378 4080; x_wconf 49' lang='lat' dir='ltr'>:ffsxhssssazffiassoeflsaeff</span> 
     </span>
     <span class='ocr_line' id='line_1_42' title="bbox 240 4094 1368 4166; baseline -0.003 -14"><span class='ocrx_word' id='word_1_282' title='bbox 240 4116 314 4152; x_wconf 83' lang='lat' dir='ltr'>zu</span> <span class='ocrx_word' id='word_1_283' title='bbox 360 4098 695 4166; x_wconf 84' lang='lat' dir='ltr'>erzwingen.</span> <span class='ocrx_word' id='word_1_284' title='bbox 771 4095 836 4150; x_wconf 89' lang='lat' dir='ltr'>In</span> <span class='ocrx_word' id='word_1_285' title='bbox 874 4097 1127 4165; x_wconf 83' lang='lat' dir='ltr'>Apamea</span> <span class='ocrx_word' id='word_1_286' title='bbox 1170 4094 1368 4149; x_wconf 78' lang='lat' dir='ltr'>hatten</span> 
     </span>
     <span class='ocr_line' id='line_1_43' title="bbox 241 4164 1370 4224; baseline -0.002 -1"><span class='ocrx_word' id='word_1_287' title='bbox 241 4169 365 4224; x_wconf 82' lang='lat' dir='ltr'>sich</span> <span class='ocrx_word' id='word_1_288' title='bbox 420 4185 539 4222; x_wconf 88' lang='lat' dir='ltr'>nun</span> <span class='ocrx_word' id='word_1_289' title='bbox 598 4164 692 4220; x_wconf 89' lang='lat' dir='ltr'>bei</span> <span class='ocrx_word' id='word_1_290' title='bbox 739 4164 931 4221; x_wconf 86' lang='lat' dir='ltr'>Cicero</span> <span class='ocrx_word' id='word_1_291' title='bbox 978 4166 1124 4221; x_wconf 86' lang='lat' dir='ltr'>viele</span> <span class='ocrx_word' id='word_1_292' title='bbox 1174 4164 1370 4221; x_wconf 60' lang='lat' dir='ltr'>Stadte</span> 
     </span>
     <span class='ocr_line' id='line_1_44' title="bbox 239 4235 1370 4306; baseline -0.003 -13"><span class='ocrx_word' id='word_1_293' title='bbox 239 4240 384 4294; x_wconf 75' lang='lat' dir='ltr'>fiber</span> <span class='ocrx_word' id='word_1_294' title='bbox 411 4238 505 4293; x_wconf 87' lang='lat' dir='ltr'>die</span> <span class='ocrx_word' id='word_1_295' title='bbox 532 4238 726 4293; x_wconf 88' lang='lat' dir='ltr'>hohen</span> <span class='ocrx_word' id='word_1_296' title='bbox 743 4235 1120 4306; x_wconf 83' lang='lat' dir='ltr'>Reisegelder,</span> <span class='ocrx_word' id='word_1_297' title='bbox 1150 4237 1240 4291; x_wconf 89' lang='lat' dir='ltr'>die</span> <span class='ocrx_word' id='word_1_298' title='bbox 1261 4235 1370 4291; x_wconf 89' lang='lat' dir='ltr'>den</span> 
     </span>
     <span class='ocr_line' id='line_1_45' title="bbox 242 4307 1368 4377; baseline -0.004 -11"><span class='ocrx_word' id='word_1_299' title='bbox 242 4309 572 4365; x_wconf 83' lang='lat' dir='ltr'>Gesandten</span> <span class='ocrx_word' id='word_1_300' title='bbox 632 4309 886 4377; x_wconf 83' lang='lat' dir='ltr'>gegeben</span> <span class='ocrx_word' id='word_1_301' title='bbox 948 4307 1205 4375; x_wconf 72' lang='lat' dir='ltr'>wsirden,</span> <span class='ocrx_word' id='word_1_302' title='bbox 1276 4307 1368 4362; x_wconf 90' lang='lat' dir='ltr'>be·</span> 
     </span>
     <span class='ocr_line' id='line_1_46' title="bbox 240 4377 1368 4449; baseline -0.004 -12"><span class='ocrx_word' id='word_1_303' title='bbox 240 4382 502 4449; x_wconf 63' lang='lat' dir='ltr'>schmitt,</span> <span class='ocrx_word' id='word_1_304' title='bbox 527 4379 743 4435; x_wconf 82' lang='lat' dir='ltr'>worauf</span> <span class='ocrx_word' id='word_1_305' title='bbox 758 4379 939 4433; x_wconf 83' lang='lat' dir='ltr'>dieser</span> <span class='ocrx_word' id='word_1_306' title='bbox 949 4377 1368 4448; x_wconf 83' lang='lat' dir='ltr'>Anordnungen</span> 
     </span>
    </p>
   </div>
   <div class='ocr_carea' id='block_1_7' title="bbox 1475 2678 2612 4449">
    <p class='ocr_par' dir='ltr' id='par_1_8' title="bbox 1475 2678 2612 4449">
     <span class='ocr_line' id='line_1_47' title="bbox 1485 2678 2608 2750; baseline 0.002 -16"><span class='ocrx_word' id='word_1_307' title='bbox 1485 2679 1617 2745; x_wconf 78' lang='lat' dir='ltr'>tras,</span> <span class='ocrx_word' id='word_1_308' title='bbox 1655 2678 1780 2733; x_wconf 79' lang='lat' dir='ltr'>dass</span> <span class='ocrx_word' id='word_1_309' title='bbox 1819 2679 1950 2734; x_wconf 88' lang='lat' dir='ltr'>kein</span> <span class='ocrx_word' id='word_1_310' title='bbox 1979 2680 2197 2750; x_wconf 64' lang='lat' dir='ltr'>Burger</span> <span class='ocrx_word' id='word_1_311' title='bbox 2233 2681 2410 2735; x_wconf 88' lang='lat' dir='ltr'>durch</span> <span class='ocrx_word' id='word_1_312' title='bbox 2446 2682 2608 2737; x_wconf 69' lang='lat' dir='ltr'>iiber·</span> 
     </span>
     <span class='ocr_line' id='line_1_48' title="bbox 1486 2749 2609 2822; baseline 0.004 -18"><span class='ocrx_word' id='word_1_313' title='bbox 1486 2749 1727 2820; x_wconf 76' lang='lat' dir='ltr'>m‘assige</span> <span class='ocrx_word' id='word_1_314' title='bbox 1757 2750 1991 2805; x_wconf 84' lang='lat' dir='ltr'>Steuern</span> <span class='ocrx_word' id='word_1_315' title='bbox 2028 2769 2097 2805; x_wconf 84' lang='lat' dir='ltr'>zu</span> <span class='ocrx_word' id='word_1_316' title='bbox 2131 2751 2259 2806; x_wconf 90' lang='lat' dir='ltr'>dem</span> <span class='ocrx_word' id='word_1_317' title='bbox 2288 2754 2609 2822; x_wconf 84' lang='lat' dir='ltr'>genannten</span> 
     </span>
     <span class='ocr_line' id='line_1_49' title="bbox 1488 2820 2608 2893; baseline 0.004 -19"><span class='ocrx_word' id='word_1_318' title='bbox 1488 2821 1722 2876; x_wconf 88' lang='lat' dir='ltr'>Zwecke</span> <span class='ocrx_word' id='word_1_319' title='bbox 1750 2820 2030 2876; x_wconf 73' lang='lat' dir='ltr'>bedrfickt</span> <span class='ocrx_word' id='word_1_320' title='bbox 2056 2821 2265 2877; x_wconf 79' lang='lat' dir='ltr'>wurde.</span> <span class='ocrx_word' id='word_1_321' title='bbox 2297 2853 2364 2862; x_wconf 90' lang='lat'>—</span> <span class='ocrx_word' id='word_1_322' title='bbox 2392 2825 2608 2893; x_wconf 77' lang='lat' dir='ltr'>Appia·</span> 
     </span>
     <span class='ocr_line' id='line_1_50' title="bbox 1485 2892 2607 2965; baseline 0.002 -18"><span class='ocrx_word' id='word_1_323' title='bbox 1485 2909 1683 2947; x_wconf 73' lang='lat' dir='ltr'>norum</span> <span class='ocrx_word' id='word_1_324' title='bbox 1762 2892 2166 2965; x_wconf 74' lang='lat' dir='ltr'>aedificatione]</span> <span class='ocrx_word' id='word_1_325' title='bbox 2244 2893 2346 2948; x_wconf 89' lang='lat' dir='ltr'>Die</span> <span class='ocrx_word' id='word_1_326' title='bbox 2420 2893 2607 2949; x_wconf 88' lang='lat' dir='ltr'>kleine</span> 
     </span>
     <span class='ocr_line' id='line_1_51' title="bbox 1487 2962 2607 3034; baseline 0.004 -18"><span class='ocrx_word' id='word_1_327' title='bbox 1487 2962 1656 3017; x_wconf 86' lang='lat' dir='ltr'>Stadt</span> <span class='ocrx_word' id='word_1_328' title='bbox 1675 2962 1862 3033; x_wconf 84' lang='lat' dir='ltr'>Appia</span> <span class='ocrx_word' id='word_1_329' title='bbox 1887 2963 1947 3017; x_wconf 85' lang='lat' dir='ltr'>in</span> <span class='ocrx_word' id='word_1_330' title='bbox 1971 2962 2411 3034; x_wconf 80' lang='lat' dir='ltr'>Grossphrygien</span> <span class='ocrx_word' id='word_1_331' title='bbox 2439 2966 2607 3021; x_wconf 82' lang='lat' dir='ltr'>sollte</span> 
     </span>
     <span class='ocr_line' id='line_1_52' title="bbox 1487 3033 2611 3106; baseline 0.004 -20"><span class='ocrx_word' id='word_1_332' title='bbox 1487 3033 1665 3088; x_wconf 88' lang='lat' dir='ltr'>durch</span> <span class='ocrx_word' id='word_1_333' title='bbox 1694 3036 1786 3088; x_wconf 89' lang='lat' dir='ltr'>ein</span> <span class='ocrx_word' id='word_1_334' title='bbox 1814 3034 2093 3088; x_wconf 82' lang='lat' dir='ltr'>Denkmal</span> <span class='ocrx_word' id='word_1_335' title='bbox 2122 3034 2213 3089; x_wconf 91' lang='lat' dir='ltr'>die</span> <span class='ocrx_word' id='word_1_336' title='bbox 2242 3035 2611 3106; x_wconf 85' lang='lat' dir='ltr'>Verwaltung</span> 
     </span>
     <span class='ocr_line' id='line_1_53' title="bbox 1486 3105 2611 3177; baseline 0.003 -19"><span class='ocrx_word' id='word_1_337' title='bbox 1486 3105 1586 3159; x_wconf 84' lang='lat' dir='ltr'>des</span> <span class='ocrx_word' id='word_1_338' title='bbox 1613 3106 1830 3174; x_wconf 83' lang='lat' dir='ltr'>Appius</span> <span class='ocrx_word' id='word_1_339' title='bbox 1867 3106 2055 3160; x_wconf 87' lang='lat' dir='ltr'>ehren.</span> <span class='ocrx_word' id='word_1_340' title='bbox 2112 3105 2368 3160; x_wconf 87' lang='lat' dir='ltr'>Mehrere</span> <span class='ocrx_word' id='word_1_341' title='bbox 2401 3108 2611 3177; x_wconf 73' lang='lat' dir='ltr'>Bt’irger</span> 
     </span>
     <span class='ocr_line' id='line_1_54' title="bbox 1485 3174 2609 3247; baseline 0.004 -18"><span class='ocrx_word' id='word_1_342' title='bbox 1485 3175 1685 3230; x_wconf 83' lang='lat' dir='ltr'>hatten</span> <span class='ocrx_word' id='word_1_343' title='bbox 1715 3175 1834 3229; x_wconf 87' lang='lat' dir='ltr'>sich</span> <span class='ocrx_word' id='word_1_344' title='bbox 1863 3174 1958 3229; x_wconf 89' lang='lat' dir='ltr'>bei</span> <span class='ocrx_word' id='word_1_345' title='bbox 1986 3174 2179 3231; x_wconf 88' lang='lat' dir='ltr'>Cicero</span> <span class='ocrx_word' id='word_1_346' title='bbox 2210 3176 2462 3247; x_wconf 86' lang='lat' dir='ltr'>beklagt,</span> <span class='ocrx_word' id='word_1_347' title='bbox 2491 3195 2528 3232; x_wconf 88' lang='lat' dir='ltr'>a</span> <span class='ocrx_word' id='word_1_348' title='bbox 2554 3194 2609 3233; x_wconf 78' lang='lat' dir='ltr'>se</span> 
     </span>
     <span class='ocr_line' id='line_1_55' title="bbox 1483 3247 2612 3317; baseline 0.002 -17"><span class='ocrx_word' id='word_1_349' title='bbox 1483 3247 1862 3302; x_wconf 75' lang='lat' dir='ltr'>intolerabilia</span> <span class='ocrx_word' id='word_1_350' title='bbox 1907 3248 2120 3302; x_wconf 74' lang='lat' dir='ltr'>tributa</span> <span class='ocrx_word' id='word_1_351' title='bbox 2164 3249 2342 3317; x_wconf 73' lang='lat' dir='ltr'>exiyi,</span> <span class='ocrx_word' id='word_1_352' title='bbox 2392 3249 2612 3302; x_wconf 80' lang='lat' dir='ltr'>worauf</span> 
     </span>
     <span class='ocr_line' id='line_1_56' title="bbox 1484 3316 2605 3373; baseline 0.002 -2"><span class='ocrx_word' id='word_1_353' title='bbox 1484 3316 1678 3371; x_wconf 86' lang='lat' dir='ltr'>Cicero</span> <span class='ocrx_word' id='word_1_354' title='bbox 1717 3316 1827 3372; x_wconf 75' lang='lat' dir='ltr'>den</span> <span class='ocrx_word' id='word_1_355' title='bbox 1855 3316 2148 3372; x_wconf 70' lang='lat' dir='ltr'>Behorden</span> <span class='ocrx_word' id='word_1_356' title='bbox 2187 3318 2286 3371; x_wconf 90' lang='lat' dir='ltr'>der</span> <span class='ocrx_word' id='word_1_357' title='bbox 2314 3316 2481 3372; x_wconf 83' lang='lat' dir='ltr'>Stadt</span> <span class='ocrx_word' id='word_1_358' title='bbox 2513 3317 2605 3373; x_wconf 88' lang='lat' dir='ltr'>be·</span> 
     </span>
     <span class='ocr_line' id='line_1_57' title="bbox 1482 3387 2608 3457; baseline 0.001 -16"><span class='ocrx_word' id='word_1_359' title='bbox 1482 3387 1622 3455; x_wconf 73' lang='lat' dir='ltr'>fam,</span> <span class='ocrx_word' id='word_1_360' title='bbox 1659 3389 1846 3442; x_wconf 85' lang='lat' dir='ltr'>nichts</span> <span class='ocrx_word' id='word_1_361' title='bbox 1882 3388 1943 3442; x_wconf 90' lang='lat' dir='ltr'>in</span> <span class='ocrx_word' id='word_1_362' title='bbox 1981 3388 2082 3443; x_wconf 89' lang='lat' dir='ltr'>der</span> <span class='ocrx_word' id='word_1_363' title='bbox 2120 3387 2299 3442; x_wconf 87' lang='lat' dir='ltr'>Sache</span> <span class='ocrx_word' id='word_1_364' title='bbox 2337 3406 2406 3442; x_wconf 87' lang='lat' dir='ltr'>zu</span> <span class='ocrx_word' id='word_1_365' title='bbox 2441 3389 2608 3457; x_wconf 75' lang='lat' dir='ltr'>than,</span> 
     </span>
     <span class='ocr_line' id='line_1_58' title="bbox 1484 3457 2608 3528; baseline 0.001 -16"><span class='ocrx_word' id='word_1_366' title='bbox 1484 3459 1570 3514; x_wconf 90' lang='lat' dir='ltr'>bis</span> <span class='ocrx_word' id='word_1_367' title='bbox 1599 3476 1660 3512; x_wconf 91' lang='lat' dir='ltr'>er</span> <span class='ocrx_word' id='word_1_368' title='bbox 1688 3459 1778 3513; x_wconf 93' lang='lat' dir='ltr'>die</span> <span class='ocrx_word' id='word_1_369' title='bbox 1802 3457 2253 3528; x_wconf 83' lang='lat' dir='ltr'>Angelegenheit</span> <span class='ocrx_word' id='word_1_370' title='bbox 2278 3460 2608 3514; x_wconf 84' lang='lat' dir='ltr'>untersueht</span> 
     </span>
     <span class='ocr_line' id='line_1_59' title="bbox 1480 3529 2605 3600; baseline 0.002 -17"><span class='ocrx_word' id='word_1_371' title='bbox 1480 3529 1660 3585; x_wconf 65' lang='lat' dir='ltr'>hatte.</span> <span class='ocrx_word' id='word_1_372' title='bbox 1708 3560 1777 3570; x_wconf 93' lang='lat'><em>-</em></span> <span class='ocrx_word' id='word_1_373' title='bbox 1823 3530 1922 3600; x_wconf 76' lang='lat' dir='ltr'>qui</span> <span class='ocrx_word' id='word_1_374' title='bbox 1959 3570 1971 3583; x_wconf 91' lang='lat'>.</span> <span class='ocrx_word' id='word_1_375' title='bbox 2014 3573 2025 3585; x_wconf 91' lang='lat'>.</span> <span class='ocrx_word' id='word_1_376' title='bbox 2065 3545 2173 3584; x_wconf 77' lang='lat' dir='ltr'>esse</span> <span class='ocrx_word' id='word_1_377' title='bbox 2227 3529 2456 3600; x_wconf 73' lang='lat' dir='ltr'>nollent]</span> <span class='ocrx_word' id='word_1_378' title='bbox 2513 3530 2605 3585; x_wconf 89' lang='lat' dir='ltr'>die</span> 
     </span>
     <span class='ocr_line' id='line_1_60' title="bbox 1481 3599 2606 3670; baseline -0.001 -15"><span class='ocrx_word' id='word_1_379' title='bbox 1481 3601 1591 3655; x_wconf 89' lang='lat' dir='ltr'>den</span> <span class='ocrx_word' id='word_1_380' title='bbox 1619 3599 1834 3670; x_wconf 86' lang='lat' dir='ltr'>Appius</span> <span class='ocrx_word' id='word_1_381' title='bbox 1864 3616 2045 3670; x_wconf 84' lang='lat' dir='ltr'>gegen</span> <span class='ocrx_word' id='word_1_382' title='bbox 2073 3599 2266 3654; x_wconf 88' lang='lat' dir='ltr'>Cicero</span> <span class='ocrx_word' id='word_1_383' title='bbox 2297 3599 2606 3668; x_wconf 81' lang='lat' dir='ltr'>aufgereizt</span> 
     </span>
     <span class='ocr_line' id='line_1_61' title="bbox 1480 3669 2603 3726; baseline 0.002 -3"><span class='ocrx_word' id='word_1_384' title='bbox 1480 3670 1694 3726; x_wconf 87' lang='lat' dir='ltr'>hatten.</span> <span class='ocrx_word' id='word_1_385' title='bbox 1751 3669 1860 3725; x_wconf 85' lang='lat' dir='ltr'>Ein</span> <span class='ocrx_word' id='word_1_386' title='bbox 1880 3670 2448 3725; x_wconf 82' lang='lat' dir='ltr'>freundschaftliehes</span> <span class='ocrx_word' id='word_1_387' title='bbox 2468 3671 2603 3726; x_wconf 90' lang='lat' dir='ltr'>Ver-</span> 
     </span>
     <span class='ocr_line' id='line_1_62' title="bbox 1476 3740 2601 3812; baseline 0.001 -16"><span class='ocrx_word' id='word_1_388' title='bbox 1476 3741 1691 3796; x_wconf 81' lang='lat' dir='ltr'>h’altnis</span> <span class='ocrx_word' id='word_1_389' title='bbox 1737 3742 1989 3796; x_wconf 86' lang='lat' dir='ltr'>erschien</span> <span class='ocrx_word' id='word_1_390' title='bbox 2030 3742 2173 3812; x_wconf 83' lang='lat' dir='ltr'>jetzt</span> <span class='ocrx_word' id='word_1_391' title='bbox 2209 3740 2414 3796; x_wconf 88' lang='lat' dir='ltr'>beiden</span> <span class='ocrx_word' id='word_1_392' title='bbox 2449 3747 2601 3796; x_wconf 68' lang='lat' dir='ltr'>wun-</span> 
     </span>
     <span class='ocr_line' id='line_1_63' title="bbox 1479 3812 2602 3881; baseline 0 -14"><span class='ocrx_word' id='word_1_393' title='bbox 1479 3812 1839 3868; x_wconf 85' lang='lat' dir='ltr'>schenswert.</span> <span class='ocrx_word' id='word_1_394' title='bbox 1879 3844 1947 3852; x_wconf 95' lang='lat'>—</span> <span class='ocrx_word' id='word_1_395' title='bbox 1984 3815 2061 3867; x_wconf 82' lang='lat' dir='ltr'>ad</span> <span class='ocrx_word' id='word_1_396' title='bbox 2101 3829 2156 3866; x_wconf 76' lang='lat' dir='ltr'>a.</span> <span class='ocrx_word' id='word_1_397' title='bbox 2195 3812 2502 3881; x_wconf 78' lang='lat' dir='ltr'>accesseris]</span> <span class='ocrx_word' id='word_1_398' title='bbox 2542 3828 2602 3867; x_wconf 93' lang='lat' dir='ltr'>er</span> 
     </span>
     <span class='ocr_line' id='line_1_64' title="bbox 1478 3881 2602 3951; baseline 0 -13"><span class='ocrx_word' id='word_1_399' title='bbox 1478 3884 1667 3938; x_wconf 82' lang='lat' dir='ltr'>betrat</span> <span class='ocrx_word' id='word_1_400' title='bbox 1702 3882 1809 3950; x_wconf 86' lang='lat' dir='ltr'>sie,</span> <span class='ocrx_word' id='word_1_401' title='bbox 1861 3883 1968 3938; x_wconf 86' lang='lat' dir='ltr'>wie</span> <span class='ocrx_word' id='word_1_402' title='bbox 2005 3881 2115 3938; x_wconf 84' lang='lat' dir='ltr'>Cic.</span> <span class='ocrx_word' id='word_1_403' title='bbox 2153 3884 2389 3951; x_wconf 88' lang='lat' dir='ltr'>meinte,</span> <span class='ocrx_word' id='word_1_404' title='bbox 2426 3882 2602 3951; x_wconf 86' lang='lat' dir='ltr'>nicht,</span> 
     </span>
     <span class='ocr_line' id='line_1_65' title="bbox 1477 3953 2601 4022; baseline 0.002 -15"><span class='ocrx_word' id='word_1_405' title='bbox 1477 3953 1610 4008; x_wconf 85' lang='lat' dir='ltr'>weil</span> <span class='ocrx_word' id='word_1_406' title='bbox 1656 3969 1717 4007; x_wconf 89' lang='lat' dir='ltr'>er</span> <span class='ocrx_word' id='word_1_407' title='bbox 1763 3953 1866 4008; x_wconf 86' lang='lat' dir='ltr'>auf</span> <span class='ocrx_word' id='word_1_408' title='bbox 1904 3954 2068 4008; x_wconf 88' lang='lat' dir='ltr'>einen</span> <span class='ocrx_word' id='word_1_409' title='bbox 2102 3953 2373 4022; x_wconf 85' lang='lat' dir='ltr'>Triumph</span> <span class='ocrx_word' id='word_1_410' title='bbox 2409 3953 2601 4022; x_wconf 87' lang='lat' dir='ltr'>hoffte‚</span> 
     </span>
     <span class='ocr_line' id='line_1_66' title="bbox 1480 4023 2604 4095; baseline 0.001 -17"><span class='ocrx_word' id='word_1_411' title='bbox 1480 4024 1584 4078; x_wconf 87' lang='lat' dir='ltr'>auf</span> <span class='ocrx_word' id='word_1_412' title='bbox 1621 4025 1727 4079; x_wconf 88' lang='lat' dir='ltr'>den</span> <span class='ocrx_word' id='word_1_413' title='bbox 1765 4039 1827 4078; x_wconf 89' lang='lat' dir='ltr'>er</span> <span class='ocrx_word' id='word_1_414' title='bbox 1856 4024 2067 4095; x_wconf 86' lang='lat' dir='ltr'>jedoch</span> <span class='ocrx_word' id='word_1_415' title='bbox 2102 4024 2317 4093; x_wconf 84' lang='lat' dir='ltr'>infolge</span> <span class='ocrx_word' id='word_1_416' title='bbox 2356 4023 2456 4079; x_wconf 89' lang='lat' dir='ltr'>der</span> <span class='ocrx_word' id='word_1_417' title='bbox 2490 4041 2604 4079; x_wconf 86' lang='lat' dir='ltr'>von</span> 
     </span>
     <span class='ocr_line' id='line_1_67' title="bbox 1479 4094 2602 4165; baseline 0.003 -17"><span class='ocrx_word' id='word_1_418' title='bbox 1479 4095 1781 4149; x_wconf 83' lang='lat' dir='ltr'>Dolabella</span> <span class='ocrx_word' id='word_1_419' title='bbox 1836 4096 2154 4151; x_wconf 84' lang='lat' dir='ltr'>erhobenen</span> <span class='ocrx_word' id='word_1_420' title='bbox 2202 4094 2460 4165; x_wconf 81' lang='lat' dir='ltr'>Anklage</span> <span class='ocrx_word' id='word_1_421' title='bbox 2506 4098 2602 4151; x_wconf 86' lang='lat' dir='ltr'>be-</span> 
     </span>
     <span class='ocr_line' id='line_1_68' title="bbox 1479 4165 2602 4235; baseline 0.002 -15"><span class='ocrx_word' id='word_1_422' title='bbox 1479 4165 1615 4220; x_wconf 82' lang='lat' dir='ltr'>reits</span> <span class='ocrx_word' id='word_1_423' title='bbox 1643 4166 1949 4220; x_wconf 84' lang='lat' dir='ltr'>verzichtet</span> <span class='ocrx_word' id='word_1_424' title='bbox 1976 4166 2152 4235; x_wconf 85' lang='lat' dir='ltr'>hatte,</span> <span class='ocrx_word' id='word_1_425' title='bbox 2183 4182 2300 4221; x_wconf 84' lang='lat' dir='ltr'>was</span> <span class='ocrx_word' id='word_1_426' title='bbox 2322 4165 2436 4222; x_wconf 87' lang='lat' dir='ltr'>Cic.</span> <span class='ocrx_word' id='word_1_427' title='bbox 2455 4169 2602 4222; x_wconf 87' lang='lat' dir='ltr'>noch</span> 
     </span>
     <span class='ocr_line' id='line_1_69' title="bbox 1476 4233 2539 4303; baseline 0.005 -13"><span class='ocrx_word' id='word_1_428' title='bbox 1476 4236 1638 4292; x_wconf 88' lang='lat' dir='ltr'>nicht</span> <span class='ocrx_word' id='word_1_429' title='bbox 1672 4233 1901 4303; x_wconf 80' lang='lat' dir='ltr'>wusste3</span> <span class='ocrx_word' id='word_1_430' title='bbox 1942 4253 1984 4293; x_wconf 78' lang='lat' dir='ltr'>e.</span> <span class='ocrx_word' id='word_1_431' title='bbox 2021 4236 2285 4292; x_wconf 90' lang='lat' dir='ltr'>Vorbem.</span> <span class='ocrx_word' id='word_1_432' title='bbox 2324 4236 2377 4293; x_wconf 82' lang='lat' dir='ltr'>S.</span> <span class='ocrx_word' id='word_1_433' title='bbox 2420 4243 2539 4294; x_wconf 79' lang='lat'>117.</span> 
     </span>
     <span class='ocr_line' id='line_1_70' title="bbox 1551 4306 2601 4378; baseline 0.004 -16"><span class='ocrx_word' id='word_1_434' title='bbox 1551 4314 1601 4362; x_wconf 80' lang='lat'>2.</span> <span class='ocrx_word' id='word_1_435' title='bbox 1657 4312 1708 4362; x_wconf 90' lang='lat' dir='ltr'>et</span> <span class='ocrx_word' id='word_1_436' title='bbox 1768 4308 1886 4375; x_wconf 79' lang='lat' dir='ltr'>ipse</span> <span class='ocrx_word' id='word_1_437' title='bbox 1939 4308 2083 4378; x_wconf 60' lang='lat' dir='ltr'>iud]</span> <span class='ocrx_word' id='word_1_438' title='bbox 2142 4306 2495 4363; x_wconf 79' lang='lat' dir='ltr'>konstruiere</span> <span class='ocrx_word' id='word_1_439' title='bbox 2551 4316 2601 4366; x_wconf 84' lang='lat' dir='ltr'>et</span> 
     </span>
     <span class='ocr_line' id='line_1_71' title="bbox 1475 4378 2597 4449; baseline 0.002 -17"><span class='ocrx_word' id='word_1_440' title='bbox 1475 4379 1593 4448; x_wconf 80' lang='lat' dir='ltr'>ipse</span> <span class='ocrx_word' id='word_1_441' title='bbox 1635 4378 1952 4434; x_wconf 77' lang='lat' dir='ltr'>iudicabam</span> <span class='ocrx_word' id='word_1_442' title='bbox 1999 4409 2066 4418; x_wconf 90' lang='lat'><em>-</em></span> <span class='ocrx_word' id='word_1_443' title='bbox 2114 4385 2165 4433; x_wconf 90' lang='lat' dir='ltr'>et</span> <span class='ocrx_word' id='word_1_444' title='bbox 2207 4379 2430 4447; x_wconf 71' lang='lat' dir='ltr'>fiebam,-</span> <span class='ocrx_word' id='word_1_445' title='bbox 2483 4381 2597 4449; x_wconf 83' lang='lat' dir='ltr'>vgl.</span> 
     </span>
    </p>
   </div>
  </div>
 </body>
</html>
