3000 4917
360 571 402 634 2

422 229 554 293 212

1255 229 1390 284 LIB.
1428 229 1523 286 ΙΙΙ.
1587 228 1811 285 EPIST.
1851 235 1936 284 41.

423 393 723 474 minibUS‚
771 392 1002 477 quibus
1040 396 1113 456 tu
1159 414 1277 475 pro
1324 415 1445 475 me,
1489 395 1563 456 ut
1606 414 1726 476 par
1771 395 1910 456 erat
1954 396 2069 456 tua
2115 392 2430 477 singulari
2476 392 2774 458 bonitate

425 485 492 546 et
537 482 823 546 amicitia
868 484 1119 561 nostra,
1167 503 1358 564 saepe
1404 481 1725 545 restitisti.

600 569 778 634 Nota
825 571 996 634 enim
1043 569 1206 632 mihi
1251 574 1419 652 sunt,
1472 591 1635 655 quae
1680 569 1751 632 in
1797 591 1900 634 me
1946 573 2100 652 post
2145 568 2443 635 Caesaris
2491 574 2777 635 mortem

422 659 829 724 contulerint.
900 657 1082 722 Vitio
1122 658 1280 722 mihi
1326 659 1502 743 dant,
1549 658 1720 743 quod
1767 660 2044 722 mortem
2091 657 2374 722 hominis
2420 661 2777 723 necessarii

422 748 708 833 graviter
752 748 889 811 fero
939 751 1128 831 atque
1176 769 1348 831 eum,
1405 769 1596 831 quem
1642 747 1864 831 dilexi,
1912 745 2156 830 perisse
2202 747 2532 831 indignor3
2589 747 2777 813 aiunt

422 837 593 900 enim
636 835 919 921 patriam
968 837 1293 900 amicitiae
1340 836 1859 920 praeponendam
1907 857 2065 918 esse,
2110 836 2384 919 proinde
2430 858 2505 900 ac
2544 837 2601 901 si
2639 838 2774 901 iam

420 924 695 990 vicerint
743 925 990 989 obitum
1039 925 1174 988 eius
1217 923 1312 988 rei
1350 925 1642 1008 publicae
1679 924 1880 988 fuisse
1917 925 2162 988 utilem.
2240 923 2366 988 Sed
2402 946 2538 989 non
2575 946 2771 1009 agam

424 1017 669 1079 astute:
716 1014 927 1078 fateor
974 1036 1076 1077 me
1124 1013 1206 1076 ad
1250 1014 1450 1078 istum
1499 1013 1771 1099 gradum
1818 1014 2177 1096 sapientiae
2213 1034 2344 1077 non
2382 1015 2774 1097 pervenisse.

422 1102 649 1188 Neque
708 1103 879 1166 enim
926 1100 1268 1167 Caesarem
1321 1101 1393 1165 in
1448 1102 1843 1166 dissensione
1899 1102 2073 1165 civili
2125 1124 2269 1166 sum
2315 1106 2604 1186 secutuS,
2663 1104 2773 1167 sed

424 1192 725 1273 amicum,
785 1212 1176 1274 quamquam
1221 1212 1291 1254 re
1338 1190 1731 1273 offendebar‚
1786 1194 2006 1254 tamen
2051 1212 2184 1254 non
2229 1191 2507 1274 deserui,
2560 1213 2771 1275 neque

422 1280 669 1344 bellum
717 1301 1001 1363 unquam
1049 1279 1236 1344 civile
1284 1283 1396 1343 aut
1442 1280 1642 1343 etiam
1686 1301 1948 1344 causam
1996 1279 2423 1344 dissensionis
2477 1281 2772 1363 probavi,

424 1390 620 1451 quam
685 1369 880 1431 etiam
942 1371 1312 1431 nascentem
1376 1369 1702 1453 exstingui
1766 1390 2013 1432 summe
2080 1368 2317 1433 studui.

2417 1368 2651 1452 Itaque
2706 1371 2772 1433 in

423 1457 697 1521 victoria
770 1455 1053 1520 hominis
1124 1457 1471 1521 necessarii
1545 1477 1751 1540 neque
1825 1456 2088 1521 honoris
2172 1478 2380 1540 neque
2463 1459 2772 1540 pecuniae

426 1545 759 1609 dulcedine
825 1567 965 1609 sum
1023 1549 1275 1628 captus,
1344 1545 1576 1629 quibus
1643 1546 1947 1630 praemiis
2002 1545 2262 1628 reliqui,
2330 1545 2543 1610 minus
2604 1547 2774 1630 apud

426 1657 574 1699 eum
620 1656 812 1717 quam
859 1655 979 1719 ego
1028 1656 1173 1698 cum
1219 1639 1514 1718 possent,
1569 1634 1991 1698 immoderate
2047 1636 2200 1697 sunt
2255 1635 2460 1700 abusi.
2555 1638 2772 1719 Atque

427 1723 623 1787 etiam
679 1745 782 1787 res
840 1723 1178 1787 familiaris
1236 1744 1381 1787 mea
1434 1723 1580 1808 lege
1636 1720 1932 1787 Caesaris
1999 1722 2329 1787 deminuta
2398 1728 2523 1807 est,
2591 1728 2769 1789 cuius

425 1812 731 1877 beneficio
780 1812 1093 1895 plerique,
1149 1811 1259 1896 qui
1307 1810 1605 1876 Caesaris
1651 1816 1858 1875 morte
1905 1812 2264 1893 laetantur,
2322 1817 2772 1877 remanserunt

366 1899 495 1965 3in
550 1902 828 1965 civitate.
921 1899 1183 1965 Civibus
1237 1901 1426 1964 victis
1484 1904 1560 1963 ut
1613 1903 2010 1983 parceretur,
2071 1921 2268 1983 aeque
2326 1922 2401 1965 ac
2455 1923 2576 1984 pro
2633 1924 2772 1965 mea

428 1991 637 2054 salute
683 1990 1003 2053 laboravi:
1052 2010 1318 2072 possum
1364 1989 1585 2074 igitur,
1633 1990 1741 2072 qui
1785 2010 2008 2053 omnes
2046 1989 2365 2053 voluerim
2402 1990 2771 2068 incolumeS,

430 2101 602 2160 eum,
660 2101 697 2141 a
754 2099 879 2160 quo
936 2077 1004 2140 id
1057 2079 1476 2160 impetratum
1533 2082 1658 2161 est,
1714 2077 1956 2162 perisse
2009 2099 2139 2141 non
2194 2078 2573 2162 indignari?
2633 2101 2773 2143 cum

425 2167 803 2250 praesertim
868 2165 1062 2229 iidem
1128 2165 1421 2231 homines
1487 2167 1586 2230 illi
1653 2169 1716 2230 et
1783 2166 2063 2229 invidiae
2127 2169 2192 2229 et
2256 2166 2451 2230 exitio
2514 2167 2775 2231 fuerint.

427 2339 602 2394 heifst
629 2357 688 2394 es
718 2340 836 2394 Att.
869 2339 959 2393 VI.
993 2345 1051 2394 7.·
1089 2340 1301 2407 confido
1328 2357 1457 2406 rem,
1486 2346 1549 2394 ut

427 2413 692 2479 volumuS,
729 2426 853 2466 esse.
878 2442 942 2451 —-
955 2427 1069 2480 par
1094 2411 1237 2482 erat]
1279 2411 1381 2464 Die
1411 2411 1549 2465 Ver-

430 2482 685 2552 bindung
702 2499 813 2537 von
827 2499 938 2550 par
955 2488 1033 2537 est
1054 2481 1158 2535 mit
1175 2482 1301 2536 dem
1316 2481 1550 2536 Ablativ

428 2555 505 2609 ist
559 2552 721 2608 nicht
776 2552 1190 2622 gebrauchlich.
1282 2552 1549 2607 Derselbe

428 2625 581 2679 kann
603 2625 687 2679 als
706 2622 833 2678 Abl.
863 2639 1065 2678 causae
1094 2623 1300 2693 gefafst
1328 2624 1551 2677 werden

430 2714 526 2750 zur
574 2694 963 2764 Bezeichnung
1007 2696 1105 2748 des
1157 2694 1551 2749 bewirkenden

430 2767 792 2823 Umstandes:
822 2767 858 2820 b
872 2767 933 2819 ei
953 2765 1145 2819 deiner
1164 2766 1550 2835 Herzensgt‘ite

431 2856 487 2892 u.
526 2856 567 2891 s.
605 2855 674 2893 w.

505 2915 554 2961 2.
617 2909 771 2962 Nota
824 2909 966 2962 enim
1028 2909 1166 2962 mihi
1226 2907 1378 2979 sunt]
1445 2907 1549 2962 Die

431 2980 629 3033 Worte
667 2978 934 3033 beziehen
962 2978 1082 3033 sich
1113 2978 1215 3033 auf
1238 2984 1267 3044 ς
1300 2985 1329 3033 7
1352 2983 1404 3032 d.
1434 2995 1549 3033 vor.

428 3049 671 3103 Briefes:
703 3049 797 3103 Ea
822 3055 885 3104 tu
910 3051 961 3104 si
987 3065 1100 3105 ‘non
1127 3051 1305 3104 audi&
1344 3048 1550 3104 Matius

432 3121 607 3189 zeigt,
657 3118 776 3174 dass
820 3118 920 3174 das
960 3118 1171 3175 Gerede
1211 3121 1308 3174 der
1344 3121 1551 3176 Feinde

432 3193 550 3246 ihm
595 3208 699 3244 nur
744 3209 810 3244 zu
849 3191 997 3245 wohl
1033 3190 1283 3245 bekannt
1316 3190 1419 3259 ist,
1465 3193 1547 3245 in-

433 3264 564 3317 dem
600 3278 660 3315 er
697 3261 819 3317 eine
847 3261 1022 3316 Reihe
1061 3279 1171 3317 von
1201 3262 1545 3330 Vorwfirfen‚

433 3334 523 3388 die
560 3334 678 3387 ihm
706 3334 969 3402 gemacht
996 3334 1239 3400 wurden,
1280 3333 1545 3387 aufzahlt.

431 3405 508 3458 Er
542 3404 765 3460 mochte
803 3404 1023 3473 wissen,
1065 3402 1186 3458 dass
1224 3402 1413 3458 Cicero
1452 3421 1544 3471 ge-

431 3478 564 3531 rade
632 3475 790 3530 nicht
853 3476 1051 3530 andei-s
1117 3475 1335 3529 dachte.
1434 3473 1547 3527 Der

433 3546 726 3602 Ausdruck
769 3551 903 3601 ‘nota
938 3552 1067 3603 sumt
1075 3588 1093 3615 ,
1138 3562 1275 3615 quae
1312 3546 1545 3600 contule-

431 3620 550 3672 rint
594 3617 817 3671 enthalt
854 3618 977 3671 eine
1015 3616 1398 3686 Abweichung
1435 3634 1547 3671 von

432 3689 533 3742 der
585 3687 1013 3757 gewohnlichen
1061 3688 1547 3742 Ausdrucksweise

431 3765 622 3814 ‘notum
676 3766 779 3826 est,
842 3776 979 3828 quae
1032 3760 1361 3814 contulerint
1415 3759 1550 3814 oder

430 3837 564 3886 ‘nota
598 3837 754 3896 swnt,
795 3848 932 3900 quae
968 3832 1325 3885 contulerwnt.
1365 3861 1431 3870 —
1467 3831 1548 3884 vi-

432 3900 628 3972 cerint]
674 3903 910 3968 vincere,
959 3902 1093 3957 oder
1142 3900 1551 3970 vollstandiger

432 3973 660 4027 dicendo
696 3975 924 4041 vincere,
960 3973 1065 4026 wie
1100 3973 1275 4026 unten
1313 3979 1342 4038 ξ
1380 3977 1430 4041 4,
1470 3974 1550 4025 et-

433 4060 548 4097 was
597 4042 870 4111 siegreich
916 4042 1316 4111 durchft’ihren,
1368 4060 1550 4112 gegen

427 4114 558 4184 jede
613 4113 852 4169 Einrede
907 4114 1261 4169 beweisen.
1314 4145 1382 4153 -
1438 4130 1552 4168 non

435 4201 598 4252 aqam
634 4185 834 4255 astute]
872 4186 964 4240 ich
1003 4184 1123 4238 will
1160 4185 1314 4239 nicht
1342 4185 1550 4240 hinter-

433 4253 611 4322 listig‚
649 4257 888 4308 sondern
924 4256 1072 4311 offen
1110 4256 1245 4322 sein,
1286 4255 1338 4310 d.
1374 4257 1428 4310 h.
1457 4255 1550 4309 ich

442 4321 559 4375 will
585 4323 742 4377 nicht
770 4324 943 4380 durch
974 4327 1063 4381 die
1084 4327 1424 4395 Erorterung
1453 4327 1552 4380 der

438 4390 630 4461 Frage,
677 4394 748 4447 ob
786 4393 981 4451 Casars
1017 4397 1140 4450 Tod
1177 4396 1421 4451 nfitzlich
1458 4414 1550 4467 ge-

1655 2357 1856 2465 zesclsxn,
1896 2340 2080 2464 meing
2109 2339 2278 2393 Liebe
2318 2340 2529 2463 zutihm
2561 2358 2628 2394 zu
2611 2359 2773 2467 ager·

1658 2428 1776 2466 sec
1819 2428 1888 2466 en
1943 2428 2036 2465 suc
2080 2426 2166 2466 en.
2215 2442 2281 2450 -
2330 2427 2497 2465 asum
2577 2430 2608 2465 r
2683 2429 2773 2467 um

1656 2481 1801 2553 sap]
1857 2482 2128 2549 namlich‚
2184 2481 2307 2535 dass
2361 2480 2456 2535 ich
2506 2429 2603 2536 bgi
2648 2483 2772 2536 dem

1658 2554 1811 2609 Tode
1849 2553 2002 2608 eines
2029 2552 2312 2607 Freundes
2349 2551 2530 2621 stage,
2569 2555 2641 2608 ob
2676 2555 2773 2607 der

1658 2624 1779 2679 Tod
1832 2623 1992 2678 nicht
2046 2624 2193 2678 etwa
2249 2623 2377 2677 dem
2407 2623 2772 2680 ,Vaterlande

1659 2713 1783 2749 zum
1843 2694 2061 2749 Vorteil
2125 2694 2406 2764 geroiche3
2474 2696 2625 2750 denn
2683 2696 2775 2751 ich

1655 2766 1801 2821 habe
1855 2766 1914 2820 in
1967 2765 2140 2820 Casar
2191 2767 2352 2820 nicht
2408 2767 2518 2820 den
2565 2765 2775 2822 Staats·

1657 2855 1843 2904 mann,
1882 2837 2124 2892 sondern
2161 2837 2271 2890 den
2297 2836 2520 2891 Freund
2546 2838 2774 2907 geliebt.

1659 2940 1725 2949 -
1765 2909 2042 2979 exstinyui
2087 2907 2305 2979 studui]
2343 2910 2531 2964 studeo
2567 2911 2646 2963 ist
2681 2911 2775 2964 ab·

1660 2979 1946 3034 weichend
2002 2995 2113 3033 von
2170 2979 2297 3032 dem
2344 2980 2623 3049 gewohnl.
2671 2980 2776 3035 Gre—

1660 3051 1904 3105 brauche
1949 3048 2055 3104 mit
2098 3050 2228 3104 dem
2272 3067 2385 3105 aco.
2434 3067 2480 3104 c.
2519 3051 2619 3108 inf.
2658 3069 2774 3106 ver-

1659 3122 1898 3176 bunden.
1985 3122 2093 3175 Zur
2140 3121 2318 3175 Sache
2365 3122 2476 3189 vgl.
2527 3138 2646 3176 vor.
2685 3121 2774 3177 Br.

1657 3198 1686 3258 ξ
1718 3199 1776 3247 8:
1813 3197 1864 3246 te
1898 3208 2012 3246 non
2046 3193 2389 3260 suscipiendi
2424 3194 2552 3247 belli
2586 3199 2680 3249 etc.
2709 3226 2774 3234 —

1655 3266 1718 3317 in
1761 3263 2016 3334 victoria]
2057 3289 2123 3308 =
2159 3264 2439 3319 nachdem
2465 3305 2478 3317 .
2512 3307 2523 3318 .
2555 3267 2773 3335 gesiegt

1653 3335 1837 3399 hatte3
1894 3334 2006 3402 vgl.
2063 3354 2108 3388 z.
2156 3334 2250 3390 111.
2299 3340 2383 3389 21.
2431 3341 2481 3390 2.
2541 3367 2609 3375 —
2668 3338 2773 3407 que

1657 3404 1930 3475 Caesaris]
1992 3405 2118 3471 „ein
2174 3402 2374 3460 Gesetz
2430 3403 2551 3473 0³⁴,
2617 3407 2772 3460 nicht

1654 3476 1753 3529 das
1801 3476 1944 3531 oben
1989 3476 2250 3531 Vorbem.
2291 3477 2344 3530 S.
2384 3482 2486 3531 208
2534 3478 2652 3531 und
2697 3478 2774 3531 im

1653 3546 1887 3614 vorigen
1949 3546 2041 3601 Br.
2107 3552 2154 3612 ξ.
2221 3553 2250 3600 7
2317 3550 2600 3616 genannte
2667 3566 2776 3604 von

1653 3615 1930 3671 Antonius
1970 3618 2366 3687 eingebrachte
2396 3618 2610 3687 Gesetz,
2650 3636 2774 3674 son-

1655 3689 1793 3742 dern
1830 3687 1922 3742 die
1960 3688 2054 3743 III.
2084 3694 2134 3742 5.
2166 3696 2195 3743 7
2235 3691 2524 3744 erwahnte
2558 3690 2776 3744 Anord-

1654 3777 1810 3828 nung
1894 3761 2030 3814 iiber
2104 3759 2193 3813 die
2270 3762 2605 3830 Abtragung
2677 3761 2777 3815 der

1658 3829 1955 3884 Schulden.
2015 3862 2081 3869 —
2138 3831 2318 3902 cuius]
2377 3848 2449 3886 sc.
2508 3833 2658 3903 leyis.
2706 3861 2775 3873 -

1656 3908 2033 3956 remanserunt
2065 3903 2129 3955 in
2157 3902 2396 3974 civitate]
2432 3901 2547 3957 Das
2576 3902 2777 3958 Gesetz

1659 3974 1767 4041 gab
1825 3972 1998 4026 ihnen
2054 3971 2146 4027 die
2200 3972 2596 4044 Moglichkeit,
2653 3974 2777 4029 ihre

1658 4042 1939 4098 Schulden
1970 4060 2037 4096 zu
2063 4043 2242 4115 tilgen
2270 4046 2385 4098 und
2412 4047 2471 4099 in
2490 4047 2588 4099 der
2610 4045 2779 4101 Stadt

1658 4131 1726 4168 zu
1763 4114 2005 4169 bleiben.

1729 4192 1779 4241 3.
1807 4187 1918 4256 illi]
1952 4186 2193 4240 Caesari.
2223 4217 2290 4226 —-
2319 4188 2587 4258 invidiae]
2621 4187 2778 4241 diese

1659 4273 1765 4325 zog
1811 4255 1868 4312 C.
1917 4257 2035 4311 sich
2093 4275 2185 4324 zu,
2240 4259 2372 4312 weil
2425 4274 2483 4312 er
2538 4261 2619 4312 sie
2674 4276 2781 4313 vor

1660 4330 1904 4383 anderen
1933 4328 2317 4398 begiinstigte3
2357 4329 2518 4383 daffir
2546 4330 2779 4384 wurden

1659 4399 1763 4467 sie,
1813 4398 1902 4454 die
1951 4415 2012 4452 er
2056 4399 2162 4454 mit
2197 4399 2565 4455 Wohlthaten
2609 4402 2781 4456 fiber-

2944 222 2954 303 ¹

2944 490 2954 623 1
