3000 4917
333 220 422 284 94
1122 220 1257 276 LIB.
1295 220 1363 275 H.
1424 220 1650 276 EPIST.
1690 226 1882 277 8—11.

332 384 587 449 litteras
642 386 808 448 tuas.
897 382 1059 447 Mihi
1104 382 1344 467 Epirus
1401 386 1516 448 aut
1569 385 1695 449 iter
1750 383 1831 448 ad
1878 385 2151 449 salutem
2200 384 2384 448 dabit
2428 388 2540 448 aut
2588 421 2678 433 —-

273 471 315 536 3
340 472 510 558 quod
569 472 799 555 scripsi
855 494 1067 556 supra.
1158 471 1250 536 Te
1307 493 1420 537 oro
1477 477 1543 537 et
1596 473 1862 538 obsecro
1875 524 1891 555 ,
1947 474 2014 537 Τ.
2062 473 2408 558 Pomponi,
2466 474 2521 537 si
2569 497 2679 539 me

339 561 636 627 omnibus
676 560 1110 644 amplissimis,
1148 560 1501 625 carissimis
1538 562 2142 646 iucundissimisque
2181 562 2371 626 rebus
2410 564 2679 646 perfidia

333 650 669 716 hominum
728 649 1103 733 spoliatum,
1171 649 1227 713 si
1288 672 1390 713 me
1452 672 1492 715 a
1550 651 1709 715 meis
1772 651 2159 716 consiliariis
2221 651 2549 734 proditum
2611 655 2681 716 et

336 740 695 823 proiectum
740 738 939 821 videS,
988 738 1042 802 si
1086 738 1412 823 intellegis
1460 761 1563 803 me
1607 741 1922 824 coactum,
1967 744 2042 803 ut
2077 741 2215 823 ipse
2251 761 2355 804 me
2394 744 2460 804 et
2496 762 2676 805 meos

333 827 698 913 perderem.
752 832 827 891 ut
880 848 984 890 me
1041 830 1158 890 tua
1204 828 1645 893 misericordia
1690 828 1871 893 iuves
1919 832 1986 892 et
2031 828 2341 905 Quintum
2387 827 2675 913 fratrem,

334 917 443 1000 qui
504 920 725 1000 potest
771 938 907 981 esse
956 915 1174 980 salvus
1185 966 1203 999 ,
1260 920 1612 1019 sustentes,
1667 917 2038 981 Terentiam
2082 917 2447 1000 liberosque
2493 939 2675 983 meos

331 1009 580 1086 tueare,
639 1027 769 1085 me,
829 1005 887 1069 si
943 1008 1139 1089 putas
1198 1010 1265 1068 te
1321 1006 1472 1070 istic
1530 1006 1846 1089 visurum,
1907 1010 2264 1091 exspectes,
2326 1007 2381 1069 si
2443 1007 2677 1087 minus,

331 1095 597 1176 invisas,
643 1093 698 1157 si
745 1096 951 1182 potes,
998 1092 1282 1177 mihique
1329 1117 1406 1158 ex
1453 1116 1613 1181 agro
1652 1101 1766 1158 tuo
1813 1099 2070 1159 tantum
2117 1095 2427 1179 assigneS,
2474 1116 2675 1178 quan-

332 1187 474 1247 tum
522 1203 664 1247 meo
704 1203 970 1266 corpore
1010 1182 1312 1267 occupari
1348 1186 1585 1266 potest,
1624 1187 1688 1247 et
1724 1205 1958 1266 pueros
1997 1183 2078 1247 ad
2115 1206 2218 1247 me
2256 1205 2402 1248 cum
2440 1184 2674 1248 litteris

332 1292 523 1355 quam
544 1271 827 1355 primum
850 1275 914 1335 et
934 1293 1127 1354 quam
1150 1272 1527 1357 saepissime
1547 1273 1789 1337 mittas.
1827 1270 2002 1337 Data
2020 1290 2162 1336 XVI.
2179 1271 2323 1336 Kal.
2342 1270 2675 1337 Octobres.
2747 1301 2751 1303 ⁷

1239 1501 1601 1570 Ems‘rum.
1646 1503 1755 1568 IX.

1222 1623 1334 1694 (Ad
1370 1625 1488 1682 Atta.
1529 1623 1626 1677 ΙΠ.
1665 1627 1777 1695 22.)

1118 1745 1378 1802 CICERO
1416 1746 1688 1803 ATTICO
1729 1746 1880 1804 SAL.

272 1859 306 1922 1
508 1859 653 1924 Etsi
702 1858 1043 1943 diligenter
1090 1857 1171 1921 ad
1216 1880 1319 1922 me
1359 1857 1637 1934 Quintus
1687 1858 1886 1921 frater
1934 1860 1999 1922 et
2034 1856 2206 1940 Piso,
2253 1879 2415 1941 quae
2453 1864 2673 1923 essent

331 1953 492 2032 acta,
532 1949 944 2031 scripserant,
980 1952 1198 2011 tamen
1236 1946 1469 2011 vellem
1507 1950 1622 2010 tua
1650 1951 1714 2010 te
1744 1947 2083 2029 occupatio
2111 1968 2242 2010 non
2272 1947 2670 2032 impedisset,

332 2059 459 2122 quo
507 2038 734 2118 minus,
779 2040 852 2099 ut
896 2037 1236 2113 consuesti,
1283 2034 1363 2099 ad
1409 2057 1531 2119 me,
1578 2036 1729 2118 quid
1777 2038 2080 2119 ageretur
2126 2040 2192 2099 et
2238 2034 2388 2119 quid
2425 2035 2674 2101 intelle-

331 2146 536 2211 geres,
582 2124 1032 2208 perscriberes.
1114 2123 1219 2188 Me
1262 2123 1470 2189 adhuc
1507 2124 1811 2189 Plancius
1850 2124 2240 2188 liberalitate
2280 2145 2396 2188 sua
2433 2125 2674 2189 retinet

329 2216 459 2279 iam
500 2214 889 2298 aliquotiens
929 2217 1229 2278 conatum
1267 2214 1361 2276 ire
1398 2213 1466 2277 in
1504 2212 1804 2297 Epirum:
1846 2234 1990 2296 spes
2028 2213 2274 2276 homini
2304 2217 2402 2277 est
2430 2212 2673 2278 iniecta

328 2326 463 2372 non
518 2302 768 2385 eadem,
830 2324 990 2385 quae
1047 2302 1234 2384 mihi,
1288 2324 1479 2384 posse
1535 2324 1656 2367 nos
1711 2323 1842 2365 una
1899 2301 2230 2385 decedere,
2293 2323 2485 2385 quam
2533 2324 2671 2367 rem

329 2393 455 2457 sibi
501 2412 740 2477 magno
786 2390 1022 2455 honori
1060 2396 1277 2475 sperat
1312 2390 1478 2476 fore,
1520 2391 1685 2454 sed
1667 2413 1816 2469 1am,
1855 2413 1998 2454 cum
2039 2389 2386 2453 adventare
2424 2391 2670 2456 milites

210 2502 237 2528 ·
329 2482 646 2564 dicentur,
707 2479 1070 2545 faciendum
1128 2479 1318 2544 nobis
1380 2442 1529 2562 erit,
1594 2483 1667 2543 ut
1728 2479 1810 2543 ab
1870 2501 1944 2543 eo
2006 2478 2435 2563 discedamus3
2496 2480 2671 2563 quod

327 2592 471 2635 cum
529 2570 863 2651 faciemuS,
928 2569 1008 2633 ad
1066 2573 1132 2632 te
1191 2569 1413 2633 statim
1474 2569 1834 2648 mittemus,
1895 2573 1967 2631 ut
2022 2568 2216 2650 sciaS,
2274 2567 2387 2631 ubi
2445 2569 2666 2633 simus,

266 2657 643 2724 2Lentulus
691 2680 807 2723 suo
853 2660 921 2722 in
965 2680 1083 2722 nos
1132 2658 1365 2742 officie,
1412 2656 1582 2742 quod
1630 2660 1694 2720 et
1737 2677 1808 2720 re
1855 2661 1920 2721 et
1954 2655 2289 2741 promissis
2329 2660 2394 2720 et
2429 2657 2668 2722 litteris

328 2747 631 2829 declarat,
662 2768 840 2831 spem
870 2747 1057 2811 nobis
1088 2746 1465 2811 nonnullam
1496 2745 1707 2810 adfert
1733 2745 2029 2828 Pompeii
2058 2745 2443 2828 voluntatis3
2474 2767 2667 2829 saepe

328 2838 498 2900 enim
552 2841 623 2900 tu
682 2835 762 2899 ad
817 2857 918 2898 me
976 2834 1291 2917 scripsisti
1335 2856 1494 2902 ,eum
1541 2838 1752 2899 totum
1800 2856 1940 2899 esse
1985 2836 2053 2897 in
2098 2834 2275 2897 illius
2322 2837 2665 2917 potestate.

327 2924 424 2988 De
469 2924 736 2988 Metello
786 2924 1048 3005 scripsit
1088 2923 1167 2987 ad
1206 2946 1310 2987 me
1348 2923 1568 3000 frater,
1616 2928 1930 3007 quantum
1973 2926 2262 3007 speraret
2297 2922 2664 3005 profectum

264 3013 468 3077 3esse
529 3034 645 3096 per
703 3015 786 3076 te.
893 3011 988 3075 Mi
1046 3011 1392 3096 Pomponi,
1451 3032 1700 3097 pugna,
1762 3016 1836 3077 ut
1895 3017 2108 3076 tecum
2168 3015 2233 3075 et
2292 3033 2435 3076 cum
2498 3014 2664 3076 meis

327 3101 489 3165 mihi
535 3102 727 3165 liceat
774 3101 1013 3183 vivere,
1061 3104 1127 3165 et
1174 3101 1378 3165 scribe
1427 3101 1511 3165 ad
1556 3123 1658 3164 me
1707 3100 1950 3165 omnia:
2004 3121 2263 3184 premor
2307 3100 2510 3178 luctu,
2558 3100 2665 3164 de-

328 3189 565 3254 siderio
613 3190 901 3253 omnium
939 3211 1253 3271 meorum,
1301 3191 1409 3273 qui
1450 3189 1615 3253 mihi
1653 3211 1756 3253 me
1796 3191 2072 3256 cariores
2112 3210 2365 3273 semper
2399 3188 2669 3253 fuerunt

328 3277 524 3363 Cura,
568 3282 643 3342 ut
687 3279 921 3343 valeas.

326 3473 481 3540 dung
511 3471 608 3526 des
637 3469 917 3525 Attributs
947 3470 1052 3523 mit
1081 3470 1208 3524 dem
1238 3468 1437 3540 Eigen-
1620 3475 1667 3522 1.
1721 3469 1879 3541 Piso]
1927 3488 1970 3523 s.
2017 3487 2063 3525 z.
2109 3470 2151 3526 Ι.
2198 3476 2248 3523 2.
2296 3475 2344 3524 2.
2385 3499 2453 3510 —
2491 3470 2667 3525 Plan-

324 3559 526 3597 namen
562 3542 675 3611 vgl.
715 3542 754 3597 I.
794 3546 842 3598 5.
885 3546 930 3594 1.
1546 3541 1664 3595 eius
1696 3583 1708 3595 .
1741 3583 1754 3596 .
1783 3542 2030 3596 decedere
2059 3560 2100 3595 s,
2129 3542 2171 3594 Ι.
2203 3546 2252 3594 3.
2275 3546 2326 3593 3.
2352 3572 2416 3580 -
2438 3541 2664 3613 ιηῐιίτοε]

395 3620 442 3667 3.
482 3629 656 3667 me..
695 3613 983 3681 exspectes]
1021 3629 1103 3667 me
1131 3611 1330 3681 gehort
1355 3611 1439 3667 als
1548 3611 1742 3667 ebend.
1784 3643 1850 3652 —
1888 3612 2181 3737 mittemus}
2230 3630 2270 3666 s.
2318 3630 2360 3664 z.
2401 3612 2442 3667 Ι.
2486 3616 2571 3666 28.
2613 3619 2665 3667 3.

326 3683 536 3768 Objekt
572 3701 640 3737 zu
675 3684 923 3737 visurum
965 3702 1016 3736 ιι.
1054 3701 1121 3736 zu
1159 3688 1437 3753 exspectes.
1618 3688 1667 3737 2.
1706 3682 2001 3754 Lentulus]
2038 3682 2097 3736 P.
2181 3681 2425 3737 ornelius
2455 3682 2664 3736 Lentu-

323 3786 390 3795 —-
428 3756 555 3810 istic
620 3755 671 3809 d.
708 3755 744 3808 i.
783 3772 849 3808 zu
886 3755 1054 3822 Rom,
1091 3771 1177 3808 wo
1218 3755 1437 3812 Atticus
1547 3754 1634 3808 lus
1673 3753 1940 3824 Spinther
1985 3771 2101 3808 war
2139 3758 2206 3809 57
2244 3752 2377 3808 Kos.
2415 3753 2530 3807 und
2567 3755 2666 3809 be·

322 3827 442 3881 sich
474 3842 544 3879 au
577 3826 732 3880 hielt.
789 3824 972 3880 Wenn
1001 3825 1255 3880 derselbe
1282 3827 1441 3880 nicht
1547 3825 1742 3879 mfihte
1783 3825 1899 3880 sich
1939 3824 2028 3878 ffir
2066 3824 2285 3894 Cicer0,
2332 3826 2431 3879 der
2468 3824 2666 3894 heiste,

322 3897 582 3967 glaubte‚
630 3895 751 3950 dass
791 3896 981 3952 Cicero
1030 3897 1163 3951 bald
1206 3897 1436 3952 zurflck-
1548 3895 1668 3950 dass
1708 3914 1764 3951 es
1802 3897 1921 3951 ihm
1955 3895 2222 3965 gelingen
2250 3897 2460 3963 wfirde,
2495 3894 2665 3950 Pom-

322 3969 555 4038 gerufen
584 3969 789 4036 wurde,
820 3967 985 4022 sollte
1015 3985 1073 4022 er
1103 3967 1243 4022 ihn
1226 3985 1285 4022 ιιι
1304 3967 1437 4037 Epi·
1544 3967 1720 4036 pejus,
1761 3968 1895 4022 fiber
1932 3968 2040 4021 den
2077 3983 2137 4020 er
2171 3966 2284 4021 viel
2321 3967 2666 4036 vermochte,

321 4056 415 4094 rus
453 4039 752 4094 besuchen.
1545 4053 1613 4091 zu
1659 4039 1967 4107 gewinnen.
2007 4068 2074 4078 —
2121 4038 2397 4108 Metellus]
2448 4038 2510 4104 Q.
2560 4037 2665 4091 Ca—

393 4111 567 4164 prsr.
614 4109 708 4164 IX.
757 4112 900 4180 (696.
955 4111 1062 4180 58.)
1128 4109 1242 4164 Der
1285 4109 1446 4164 Brief
1550 4108 1708 4163 cilius
1764 4108 2025 4164 Metellus
2081 4109 2270 4178 Nepos
2326 4108 2483 4164 hatte
2540 4108 2665 4162 sich

323 4181 401 4233 ist
427 4196 499 4233 an
529 4181 847 4235 demselben
876 4182 1029 4251 Tage
1059 4181 1162 4235 wie
1192 4182 1233 4236 Ι.
1264 4188 1314 4236 3.
1344 4198 1437 4250 ge·
1546 4197 1692 4234 zwar
1728 4180 1919 4235 frtiher
1955 4180 2038 4235 als
2076 4179 2439 4234 Volkstribun
2476 4196 2663 4249 gegen

322 4251 611 4306 schrieben
656 4253 771 4305 und
805 4252 863 4305 in
902 4252 1305 4307 Thessalonich
1342 4254 1437 4306 be·
1547 4250 1659 4306 Cic.
1697 4251 1993 4321 feindselig
2027 4250 2263 4321 gezeigt‚
2304 4268 2420 4305 war
2450 4250 2664 4320 jedoch

322 4338 570 4392 gonnen,
615 4321 676 4375 in
713 4321 1126 4391 Dyrrhachium
1173 4322 1308 4378 aber
1344 4324 1437 4377 be·
1540 4322 1688 4391 jetzt
1741 4322 1824 4377 als
1872 4322 1998 4377 Kos.
2056 4321 2231 4378 durch
2288 4320 2507 4377 Atticus
2561 4337 2663 4391 ge—

322 4394 492 4448 endet
529 4392 770 4447 worden.
1545 4409 1782 4449 wonnen
1818 4393 2057 4448 worden.
