3000 4917
711 225 771 279 P.
809 223 1135 280 NIGIDIUS
1175 223 1498 282 FIGULUS.
1575 225 1637 292 Q.
1676 224 2035 283 LIGARIUS.

2417 227 2545 292 165

190 391 530 475 volumus,
583 388 916 473 pervenire
970 410 1180 472 posse.
1270 389 1348 454 In
1402 390 1527 455 hoe
1583 392 1725 455 toto
1777 410 2009 475 genere
2056 391 2246 475 plura
2289 390 2547 476 faciam,

194 502 395 565 quam
454 478 732 542 seribere
787 476 1011 543 aude0.

1116 475 1371 563 Cetera,
1436 500 1600 564 quae
1664 479 1785 545 tibi
1851 501 1890 543 a
1952 479 2179 544 multis
2243 483 2548 563 prompta

195 590 342 633 esse
398 572 573 632 certo
632 565 792 649 seio,
847 588 887 630 a
942 587 1044 630 me
1100 571 1253 632 sunt
1295 568 1739 653 paratissima3
1794 567 1964 632 nihil
2007 568 2078 631 in
2121 590 2192 632 re
2236 568 2549 633 familiari

192 678 345 722 mea
392 660 509 739 est,
555 654 728 740 quod
776 674 897 739 ego
944 676 1159 720 meum
1207 657 1429 721 malim
1475 678 1616 722 esse
1663 679 1858 742 quam
1902 660 2105 723 tuum.
2176 657 2319 722 Hae
2363 657 2440 722 de
2475 679 2547 721 re

194 750 266 810 et
320 745 399 809 de
453 744 579 810 hoe
636 764 872 829 genere
916 747 1061 809 toto
1108 744 1233 810 hoe
1280 746 1490 811 scribo
1536 747 1821 830 parcius,
1877 745 2049 830 quod
2106 750 2171 810 te
2226 746 2323 830 id,
2378 747 2549 831 quod

191 836 338 919 ipse
396 833 677 914 confido,
731 853 989 915 sperare
1044 834 1247 918 malo,
1298 838 1364 898 te
1420 856 1560 899 esse
1613 857 1882 900 usurum
1925 834 2075 900 tuis.
2165 833 2548 899 Extremum
2570 839 2606 903 7

196 923 363 988 illud
409 925 536 1008 est,
588 926 664 986 ut
716 925 781 985 te
829 942 1006 986 orem
1055 926 1120 985 et
1165 923 1527 1010 obsecrem,
1581 925 1797 993 animo
1844 928 1918 989 ut
1964 923 2246 989 maximo
2295 923 2382 988 sis
2429 944 2548 987 nee

199 1034 280 1077 ea
328 1013 538 1076 solum
586 1010 981 1095 memineris,
1027 1032 1190 1095 quae
1238 1013 1320 1076 ab
1368 1013 1514 1078 aliis
1563 1014 1816 1098 magnis
1863 1012 2018 1077 viris
2065 1012 2390 1097 accepisti,
2437 1011 2549 1076 sed

190 1102 312 1165 illa
360 1100 576 1184 etiam,
624 1120 789 1184 quae
835 1098 973 1183 ipse
1018 1100 1280 1184 ingenio
1329 1101 1670 1187 studioque
1716 1102 2053 1186 peperisti3
2101 1123 2265 1187 quae
2317 1102 2373 1166 si
2422 1100 2549 1166 eol-

193 1190 385 1275 liges,
423 1193 488 1253 et
526 1187 815 1272 sperabis
854 1188 1071 1252 omnia
1109 1189 1353 1274 optime
1392 1195 1475 1276 et,
1521 1212 1684 1276 quae
1723 1190 2035 1275 accident,
2081 1190 2551 1275 qualiacunque

196 1281 411 1363 erunt,
450 1278 779 1361 sapienter
814 1276 1002 1342 feres.
1063 1275 1191 1342 Sed
1227 1278 1390 1343 haee
1426 1283 1501 1344 tu
1536 1280 1770 1345 melius
1807 1281 1910 1345 vel
1948 1280 2195 1363 optime
2235 1279 2551 1345 omnium:

193 1388 341 1453 ege,
388 1387 552 1452 quae
598 1365 915 1450 pertinere
962 1365 1042 1430 ad
1086 1370 1153 1430 te
1198 1366 1595 1454 intellegam,
1642 1368 2111 1434 studiosissime
2150 1368 2370 1433 omnia
2408 1367 2550 1432 dili-

194 1456 708 1543 gentissimeque
738 1455 977 1519 curabo
1015 1458 1400 1540 tuorumque
1437 1458 1821 1539 tristissimo,
1857 1479 2000 1523 meo
2039 1462 2330 1542 tempore
2367 1457 2551 1520 meri-

191 1553 419 1611 torum
468 1564 622 1629 erga
668 1565 770 1608 me
818 1544 1198 1608 memoriam
1246 1546 1656 1611 conservabo,

1162 1759 1589 1767 ————-—.—

1102 1916 1173 1993 Q.
1221 1916 1658 1984 LIGARIUS.

381 2063 451 2133 Q.
487 2062 769 2140 Ligarius
807 2081 932 2122 war
969 2065 1059 2123 als
1097 2064 1295 2141 Legat
1331 2065 1436 2125 des
1475 2064 1836 2142 Proprators
1868 2066 1931 2126 C.
1962 2064 2279 2127 Considius
2306 2066 2553 2142 Longus

188 2155 353 2213 nach
397 2151 615 2211 Afrika
668 2170 988 2229 gegangen
1041 2151 1161 2212 und
1217 2172 1335 2212 von
1394 2154 1619 2214 diesem
1675 2155 1773 2215 bei
1830 2156 2054 2215 seinem
2109 2155 2407 2233 Abgange
2463 2156 2553 2214 als

190 2242 544 2302 Verwalter
589 2240 697 2299 der
735 2240 985 2301 Provinz
1031 2241 1124 2301 bis
1171 2262 1276 2301 zur
1322 2244 1600 2303 Ankunft
1645 2245 1749 2304 des
1797 2263 1992 2304 neuen
2030 2244 2423 2304 Statthalters
2460 2265 2556 2302 zu·

189 2331 634 2407 rfiekgelassen
686 2329 949 2389 worden.
1050 2324 1196 2389 Als”
1228 2331 1447 2390 darauf
1507 2333 1667 2392 beim
1721 2334 2077 2392 Ausbruche
2134 2333 2239 2392 des
2294 2334 2555 2409 Burger-

190 2421 442 2498 krieges
481 2417 546 2477 P.
586 2418 795 2478 Attius
833 2418 1050 2495 Varus,
1098 2418 1205 2478 der
1252 2420 1436 2479 sehon
1482 2422 1688 2480 frfiher
1737 2422 1831 2480 die
1867 2420 2122 2482 Provinz
2158 2422 2376 2482 Afrika
2418 2440 2557 2482 ver-

195 2510 418 2567 waltet
463 2509 650 2582 hatte,
698 2508 803 2566 das
842 2506 1012 2567 Land
1057 2508 1158 2566 fur
1193 2508 1514 2584 Pompejus
1560 2512 1623 2568 in
1667 2509 1867 2569 Besitz
1913 2511 2114 2587 nahm,
2161 2511 2382 2570 schloss
2429 2510 2556 2570 sich

194 2599 514 2674 Ligarius,
572 2596 678 2654 der
734 2596 849 2655 den
894 2614 1012 2655 von
1058 2596 1174 2655 den
1216 2596 1656 2673 Pompejanern
1702 2599 1827 2657 ihm
1875 2599 2064 2658 selbst
2110 2602 2559 2675 angetragenen

198 2684 576 2747 Oberbefehl
621 2684 772 2744 uber
819 2685 925 2744 das
963 2684 1126 2744 Heer
1170 2686 1234 2744 in
1271 2686 1490 2746 Afrika
1536 2688 1864 2764 abgelehnt
1908 2688 2096 2764 hatte,
2141 2687 2267 2747 ihm
2313 2706 2390 2746 an
2435 2687 2557 2745 und

193 2776 499 2835 arbeitete
558 2773 737 2850 eifrig
791 2773 874 2831 im
928 2772 1229 2835 Interesse
1285 2775 1391 2833 der
1444 2775 1977 2852 PompeJ'anisehen
2030 2776 2251 2836 Partei.
2340 2775 2557 2835 Unter·

193 2865 420 2924 dessen
473 2863 615 2920 kam
671 2861 777 2921 der
829 2880 968 2924 vom
1024 2862 1241 2922 Senate
1296 2867 1585 2924 ernannte
1639 2864 2006 2942 Naehfolger
2062 2866 2164 2925 des
2221 2864 2556 2940 Considius,

197 2953 274 3014 L.
314 2952 533 3011 Aelius
572 2951 829 3026 Tubero,
865 2952 929 3009 in
963 2951 1334 3031 Begleitung
1372 2954 1566 3013 seines
1607 2953 1835 3013 Sohnes
1873 2974 1982 3015 vor
2006 2946 2187 3014 Utica
2222 2974 2318 3033 an,
2353 2954 2557 3014 wurde

202 3042 354 3101 aber
411 3059 530 3101 von
584 3039 782 3099 Varus
835 3040 957 3098 und
1012 3039 1293 3118 Ligarius
1350 3061 1469 3104 von
1524 3043 1631 3101 der
1675 3042 1971 3120 Landung
2016 3043 2399 3120 abgehalten.
2487 3043 2562 3102 In

199 3132 311 3191 der
352 3129 638 3189 Schlaeht
683 3128 784 3188 bei
821 3128 1098 3205 Thapsus
1147 3130 1349 3190 wurde
1387 3131 1670 3209 Ligarius
1709 3132 2008 3209 gesangen
2044 3151 2401 3209 genommen
2437 3132 2559 3192 und

197 3221 430 3278 musste
493 3218 558 3277 in
621 3217 717 3276 die
778 3218 1190 3296 Verbannung
1253 3220 1463 3297 gehen.

1572 3220 1706 3280 Den
1776 3220 2283 3281 heimkehrenden
2351 3221 2560 3299 Sieger

200 3308 432 3368 flehten
490 3306 586 3366 die
645 3298 844 3387 (zwei)
900 3306 1162 3385 Brfider,
1227 3308 1636 3369 Verwandten
1687 3310 1810 3368 und
1864 3310 2141 3370 Freunde
2195 3312 2374 3386 lange
2429 3330 2558 3370 ver-

197 3482 287 3544 nt,
323 3492 445 3531 enm
482 3476 551 3530 ab
587 3476 687 3530 illo
723 3476 1086 3545 discesserint,
1122 3494 1205 3532 me
1231 3479 1325 3533 ha·

198 3550 368 3604 beant
396 3549 728 3615 proximum.
786 3547 910 3602 Hoc
939 3547 1148 3616 Pansa,
1185 3549 1325 3604 Hir·

195 3622 340 3687 tine,
383 3619 625 3685 Balbus,
666 3618 899 3687 oppius,
937 3619 1174 3687 Mutine,
1217 3622 1326 3675 Po-

196 3691 436 3746 stumius
482 3691 654 3759 plane
707 3691 792 3744 ita
834 3691 1083 3758 faciunt,
1138 3697 1202 3746 ut
1247 3708 1328 3746 me

196 3763 365 3817 unice
410 3762 666 3830 diliqant.
707 3790 774 3802 —
817 3764 1103 3830 pervenire
1137 3763 1322 3833 posse]

197 3851 276 3888 se.
313 3850 411 3887 me.
451 3863 518 3872 —
556 3831 633 3886 In
676 3833 776 3887 hoe
819 3832 1031 3902 qenere]
1089 3850 1131 3888 s.
1171 3851 1216 3887 z.
1255 3833 1325 3889 II.

199 3910 285 3960 19.
328 3909 377 3957 1.
420 3934 485 3942 -
525 3904 670 3973 quod
719 3903 957 3974 confido]
1004 3904 1210 3958 ebenso
1247 3905 1326 3958 im

196 3975 337 4047 iolg.
376 3974 467 4028 Br.
509 3980 540 4039 ἓ
583 3980 611 4027 1
649 3975 786 4045 quid
824 3975 1127 4044 confidam;
1163 3993 1206 4032 s.
1235 3978 1325 4030 ob.

198 4066 243 4102 z.
285 4054 316 4113 ξ
355 4052 417 4100 2:
472 4046 656 4115 ipsum
694 4061 936 4129 peceare.
973 4074 1062 4086 ·-
1120 4046 1326 4128 Cetera,

199 4115 1065 4271 nannenten?
1094 4116 1326 4259 {eea

199 4262 459 4326 worden,
496 4260 650 4315 steht
684 4259 772 4313 du·
806 4260 900 4315 bei
934 4260 1044 4315 mir
1079 4275 1220 4329 ganz
1256 4279 1326 4314 zu

199 4331 490 4387 Diensten.
520 4362 590 4371 —
619 4336 670 4384 te
704 4347 812 4386 esse
838 4347 1069 4386 uem-um
1094 4332 1160 4402 t.]
1201 4331 1325 4385 dass

204 4403 280 4458 du
316 4402 457 4459 bald
493 4402 573 4456 im
603 4402 822 4458 Besitze
860 4403 1052 4457 deines
1090 4401 1328 4472 eigenen

1434 3479 1783 3549 Vermbgens
1847 3480 1983 3549 (tuis
2034 3479 2194 3534 rebus
2251 3478 2386 3533 oder
2439 3479 2556 3545 for-

1432 3552 1609 3621 tunis)
1646 3550 1775 3605 bist.

1509 3628 1555 3676 7.
1605 3622 1674 3676 ab
1721 3623 1793 3676 al.
1843 3639 1911 3676 m.
1958 3621 2118 3691 viris]
2177 3621 2268 3674 die
2321 3618 2558 3689 Lehren,

1432 3692 1834 3761 Trostgn‘inde‚
1874 3692 1965 3746 die
1994 3710 2053 3747 er
2080 3707 2180 3746 aus
2212 3691 2319 3745 den
2351 3690 2557 3746 Schrif-

1433 3765 1529 3818 ten
1569 3762 1669 3816 der
1705 3763 2084 3833 Philosophen
2120 3778 2448 3832 gewonnen.
2489 3794 2555 3803 —

1433 3835 1682 3903 sperabis
1720 3878 1731 3889 .
1772 3835 1995 3906 optime]
2033 3835 2149 3904 vgl.
2188 3853 2234 3888 z.
2271 3833 2339 3887 ΙΙ.
2382 3840 2464 3888 13.
2499 3840 2554 3887 1:

1426 3905 1651 3975 prolixe
1728 3908 1964 3975 promisi
1972 3928 1993 3974 ;
2084 3905 2367 3975 dagegen:
2461 3905 2558 3974 qui

1434 3978 1622 4031 omnia
1649 3976 1715 4032 de
1740 3994 1800 4032 re
1821 3978 2052 4046 publica
2081 3976 2367 4047 praeclara
2394 3982 2558 4045 atque

1434 4049 1653 4120 eyreyia
1702 4051 1965 4104 sentirent
2019 4048 2183 4104 Catil.
2241 4046 2337 4104 III.
2395 4051 2445 4104 5.
2486 4079 2552 4087 —

1428 4121 1560 4173 haee
1596 4124 1659 4173 tu
1691 4119 1907 4190 melius]
1945 4121 2061 4189 vgl.
2091 4138 2134 4173 z.
2166 4118 2258 4173 111.
2290 4123 2372 4174 14.
2405 4123 2454 4173 5.
2485 4150 2553 4158 --

1430 4191 1573 4245 trist.
1610 4190 1866 4261 tempore]
1905 4191 2004 4246 das
2039 4190 2197 4258 Exi13
2247 4191 2361 4260 vgl.
2399 4209 2445 4245 z.
2482 4190 2554 4244 IL

1432 4266 1519 4317 28.
1562 4267 1659 4316 13:
1696 4262 1985 4316 iniuriam.
