3000 4917
442 215 569 277 112
1206 213 1340 269 LIB.
1377 213 1446 270 ΙΙ.
1512 213 1736 269 EPIST.
1778 220 2003 271 19—22.

440 379 724 442 maxima
761 377 1079 460 dignitate
1118 399 1185 441 es
1223 381 1605 442 consecutus
1645 377 1943 461 quodque
1979 377 2045 441 in
2087 377 2388 443 omnibus
2424 378 2556 443 tuis
2582 380 2776 444 rebus

437 468 599 531 meis
647 467 887 551 optatis
933 466 1201 531 fortuna
1237 467 1588 549 respondit.
1671 465 1875 530 Breve
1913 471 2030 550 est,
2077 468 2246 550 quod
2287 488 2386 531 me
2424 469 2550 532 tibi
2584 491 2773 551 prae-

438 556 649 639 cipere
686 578 867 620 meus
904 555 1299 620 incredibilis
1339 555 1406 618 in
1450 559 1517 617 te
1555 576 1737 619 amor
1779 556 1980 639 cogit:
2017 559 2204 619 tanta
2243 560 2341 620 est
2380 559 2775 640 exspectatio

440 646 543 709 vel
593 644 794 708 animi
836 644 940 709 vel
975 644 1223 729 ingemi
1258 644 1375 727 tui,
1411 649 1484 708 ut
1523 664 1644 728 ego
1683 647 1749 708 te
1787 645 2127 708 obsecrare
2165 646 2609 729 obtestarique
2644 668 2777 711 non

441 733 755 816 dubitem,
806 734 898 797 sic
945 733 1027 797 ad
1074 755 1195 797 nos
1234 732 1651 797 confirmatus
1688 737 2032 828 revertare,
2078 738 2169 816 ut,
2217 756 2410 835 quam
2448 739 2774 817 exspecta-

439 821 685 885 tionem
742 821 838 886 tui
886 820 1254 905 concitasti,
1307 821 1476 886 hanc
1532 821 1848 885 sustinere
1895 844 1970 887 ac
2014 823 2182 886 tueri
2227 822 2465 908 possis·
2513 828 2578 887 et
2622 846 2775 908 quo-

438 912 611 974 niam
667 933 879 974 meam
926 914 1188 974 tuorum
1233 930 1388 995 erga
1432 932 1536 974 me
1582 910 1961 975 meritorum
2007 912 2391 976 memoriam
2437 913 2616 976 nulla
2664 936 2777 977 un-

437 1022 631 1084 quam
688 999 930 1064 delebit
990 999 1265 1082 oblivio,
1321 1004 1387 1062 te
1433 1018 1624 1082 rogo,
1680 1002 1751 1063 ut
1796 1000 2194 1082 memineris,
2251 1004 2779 1084 quantaecunque

439 1088 564 1152 tibi
629 1087 1027 1153 accessiones
1086 1089 1245 1151 fient
1305 1091 1370 1151 et
1428 1087 1727 1152 fortunae
1795 1092 1860 1152 et
1917 1088 2290 1172 dignitatis,
2350 1111 2478 1153 eas·
2520 1093 2586 1153 te
2645 1112 2780 1155 non

437 1177 730 1259 potuisse
776 1176 1102 1261 consequi,
1144 1177 1212 1241 ni
1260 1177 1421 1240 meis
1468 1198 1628 1259 puer
1675 1177 1829 1240 olim
1874 1177 2269 1242 fidelissimis
2319 1181 2512 1262 atque
2556 1201 2779 1243 aman-

438 1266 713 1329 tissimis
761 1265 1047 1330 consiliis
1092 1266 1435 1348 paruisse&
1520 1264 1730 1340 Quare
1774 1265 1897 1330 hoc
1944 1267 2158 1331 animo
2205 1267 2274 1330 in
2319 1289 2441 1331 nos
2488 1289 2627 1332 esse
2676 1267 2778 1332 de·

437 1353 648 1436 bebis,
697 1358 771 1418 ut
830 1357 1010 1418 aetas
1069 1357 1299 1418 nostra
1356 1354 1487 1417 iam
1543 1354 1999 1439 ingravescens
2055 1356 2125 1419 in
2182 1377 2400 1420 amore
2458 1359 2651 1440 atque
2708 1357 2779 1421 in

442 1442 880 1507 adulescentia
924 1446 1041 1507 tua
1087 1442 1520 1527 conquiescat.

1329 1637 1684 1703 Elusa-um
1742 1637 1882 1702 XX.

1346 1759 1455 1829 (Ad
1490 1758 1624 1814 fam.
1662 1758 1730 1813 Π.
1781 1762 1853 1826 2.)

1081 1884 1156 1938 M.
1196 1881 1458 1937 CICERO
1498 1882 1554 1937 S.
1592 1883 1657 1937 D.
1698 1881 1757 1936 C.
1799 1882 2121 1937 CURIONI.

614 1993 812 2058 Gravi
848 1997 1016 2057 teste
1054 1992 1345 2076 privatus
1385 2015 1530 2056 sum
1568 1991 1808 2056 amoris
1849 1992 2082 2055 summi
2122 2013 2275 2076 erga
2311 1997 2374 2055 te
2404 1994 2550 2075 mei,
2588 1996 2778 2077 patre

433 2087 578 2166 tu0,
634 2081 992 2146 clarissimo
1046 2083 1217 2166 viro,
1265 2081 1374 2164 qui
1423 2103 1569 2144 cum
1617 2080 1749 2145 suis
1797 2079 2094 2144 laudibus
2142 2085 2280 2145 tum
2330 2102 2479 2145 vero
2527 2086 2594 2145 te
2643 2083 2780 2147 filio

438 2174 806 2254 superasset
837 2172 1125 2235 omnium
1153 2170 1500 2253 fortunam,
1544 2169 1598 2233 si
1640 2170 1698 2233 ei
1726 2169 2125 2253 contigisset,
2154 2174 2226 2233 ut
2252 2172 2318 2233 te
2339 2173 2487 2234 ante
2507 2172 2780 2254 videret,

438 2282 632 2344 quam
673 2283 709 2324 a
746 2261 883 2324 vita
920 2259 1303 2341 discederet3
1343 2259 1454 2322 sed
1493 2279 1680 2341 spero
1718 2260 2012 2323 nostram
2044 2258 2397 2322 amicitiam
2423 2280 2557 2322 non
2588 2280 2782 2343 egere

435 2349 735 2413 testibus.
800 2348 948 2412 Tibi
984 2346 1450 2432 patrimonium
1490 2347 1555 2410 di
1593 2346 1950 2411 fortunent:
1989 2368 2090 2410 me
2128 2350 2302 2411 certe
2339 2345 2630 2430 habebis,
2670 2350 2777 2413 cui
2810 2404 2818 2414 .

435 2442 501 2502 et
546 2460 730 2502 carus
781 2459 980 2522 aeque
1029 2438 1118 2501 sis
1167 2440 1231 2500 et
1278 2436 1624 2519 iucundus,
1672 2457 1744 2500 ac
1790 2434 1975 2499 fuisti
2021 2436 2211 2518 patri.

1317 2631 1670 2695 EPISTULA
1717 2628 1889 2693 XXI.

1355 2754 1462 2822 (Ad
1502 2753 1634 2807 fam.
1672 2750 1738 2807 H.
1791 2755 1863 2819 3.)

1089 2878 1163 2933 M.
1205 2874 1463 2931 CICERO
1506 2877 1558 2931 S.
1598 2876 1665 2931 D.
1706 2875 1763 2931 C.
1804 2873 2118 2930 CURIONI.

380 2974 413 3035 l
613 2985 838 3070 Rupae
896 2986 1178 3051 studium
1235 3009 1368 3051 non
1426 2986 1632 3050 defuit
1692 2983 2223 3049 declarandorum
2278 3007 2616 3050 munerum
2664 2991 2783 3052 tuo

437 3076 724 3159 nomine3
794 3074 907 3139 sed
961 3096 1082 3140 nec
1126 3075 1287 3139 mihi
1330 3075 1576 3159 placuit
1618 3095 1736 3138 nec
1784 3074 2083 3158 cuiquam
2127 3078 2386 3138 tuorum
2432 3075 2784 3160 quicquam

436 3266 647 3303 morum
692 3255 742 3303 et
792 3252 1059 3305 sociorum
1105 3255 1155 3303 et
1190 3250 1392 3304 civium
1429 3265 1556 3303 con-
1665 3249 1839 3302 hatte.
1898 3247 1951 3302 S.
1991 3247 2251 3303 Vorbem.
2279 3248 2426 3303 Phil.
2464 3248 2534 3303 H.
2575 3256 2658 3306 18.
2706 3257 2782 3305 46

435 3326 639 3391 spectu,
676 3337 813 3391 quae
850 3323 925 3377 a'd
957 3337 1057 3376 nos
1082 3337 1181 3376 nec
1207 3321 1431 3375 obscuro
1457 3336 1558 3374 nec
1665 3322 1791 3389 sagt
1837 3316 2027 3375 Cicero
2075 3334 2184 3373 von
2232 3320 2418 3375 Curio:
2460 3323 2622 3388 patri
2650 3338 2785 3389 per-

435 3394 593 3446 varie
639 3409 901 3458 sermone,
938 3393 1031 3447 sed
1067 3397 1117 3446 et
1165 3392 1471 3446 clarissima
1507 3396 1556 3444 et

435 3480 555 3517 una
590 3465 832 3517 omnium
865 3479 987 3518 voce
1016 3463 1312 3532 perfertur.
1379 3462 1556 3516 animi

438 3565 504 3574 -—
542 3534 776 3605 inqeniz]
825 3534 936 3604 vgl.
989 3535 1080 3588 die
1127 3552 1248 3587 zum
1286 3532 1421 3602 folg.
1459 3532 1550 3587 Br.

439 3605 770 3675 angeffihrte
827 3606 999 3659 Stelle
1045 3604 1190 3658 Phil.
1230 3603 1300 3657 II.
1339 3610 1425 3658 46.
1485 3635 1552 3644 —

434 3676 725 3747 sustinere]
779 3675 902 3730 dass
953 3675 1032 3730 sie
1084 3675 1213 3730 dich
1265 3675 1423 3729 nicht
1468 3691 1551 3728 er-

438 3747 665 3815 drfickt‚
723 3763 883 3801 wenn
939 3748 1014 3801 du
1068 3745 1198 3801 dich
1247 3747 1397 3800 ihrer
1451 3764 1551 3800 un-

434 3818 656 3887 wfirdig
709 3819 822 3872 und
871 3817 961 3872 ihr
1012 3817 1171 3873 nicht
1220 3818 1553 3888 gewachsen

435 3891 629 3958 zeigst.
685 3922 749 3931 —
802 3892 866 3944 in
914 3890 1118 3960 amore]
1176 3888 1388 3943 welche
1444 3889 1552 3941 den

436 3961 663 4028 Willen‚
701 3963 765 4015 in
792 3962 1181 4029 adulescentia,
1215 3960 1429 4015 welche
1459 3961 1550 4013 die

436 4032 600 4085 Kraft
613 4032 741 4101 gab,
754 4033 809 4085 in
826 4033 1047 4088 Ciceros
1061 4032 1228 4086 Sinne
1246 4050 1312 4085 zu
1323 4030 1549 4085 wirken.

506 4102 685 4157 Emer.
714 4102 832 4158 XX.
863 4107 1005 4171 (701.
1036 4104 1146 4172 53.)
1192 4103 1298 4157 Ein
1325 4100 1552 4156 Kondo-

435 4172 853 4228 lenzschreiben
899 4174 1045 4229 nach
1091 4174 1221 4228 dem
1257 4173 1410 4228 Tode
1457 4172 1553 4226 des

440 4245 638 4297 Vaters
675 4244 772 4298 des
805 4245 1014 4313 jungen
1049 4243 1231 4299 Curi0.

509 4314 658 4383 teste]
706 4315 834 4368 weil
885 4315 1077 4370 Cicero
1115 4316 1222 4369 den
1260 4313 1411 4369 Sohn
1446 4313 1554 4367 mit

442 4384 568 4437 dem
634 4389 927 4438 erziirnten
978 4385 1154 4440 Vater
1211 4385 1554 4454 ausgesohnt

1661 3392 1842 3458 suasi,
1891 3396 1953 3445 ut
2009 3406 2100 3445 aes
2144 3391 2386 3445 alienum
2431 3393 2539 3457 filii
2584 3393 2786 3447 dissol-

1661 3467 1821 3528 veret,
1848 3464 2129 3516 redimeret
2156 3463 2547 3517 adulescentem
2564 3479 2787 3518 summa

1660 3549 1753 3601 spe
1799 3534 1975 3587 animi
2009 3539 2060 3587 et
2094 3534 2307 3603 inqenii
2334 3534 2668 3601 praeditum.
2706 3565 2784 3573 —

1666 3604 1796 3658 Tibi
1818 3605 2041 3672 pam'm.
2068 3603 2190 3674 eta]
2225 3603 2314 3657 die
2343 3603 2548 3659 beiden
2567 3604 2787 3660 letzten

1660 3675 1967 3729 Gedanken
1995 3675 2218 3743 haugen
2240 3692 2350 3744 eng
2368 3692 2688 3731 zusammen
2708 3702 2787 3721 ==

1660 3745 1790 3798 dein
1836 3744 2008 3800 Erbe
2054 3750 2259 3814 mogen
2304 3745 2391 3800 dir
2437 3746 2527 3801 die
2579 3744 2790 3802 Gotter

1660 3832 1894 3941 segnpnd,
1946 3816 2036 3871 die
2083 3815 2126 3869 L
2124 3816 2539 3942 iebpddgiiffiis
2575 3816 2786 3873 Vaters

1661 3905 1788 3941 w1rs
1890 3904 1927 3941 u
1963 3890 2023 3941 in
2060 3888 2169 3942 mir
2204 3904 2310 3942 wie
2354 3905 2381 3942 e
2529 3905 2614 3943 en.

1730 3959 1909 4013 Emer.
1948 3957 2092 4013 XXI.
2129 3961 2272 4028 (701.
2311 3961 2421 4025 53.)
2458 3960 2637 4029 Rapa,
2677 3960 2788 4014 der

1659 4029 2078 4095 Freigelassene
2106 4028 2314 4097 Curios,
2346 4032 2506 4084 hatte
2535 3978 2655 4086 spich
2683 4030 2787 4086 die

1660 4101 2156 4155 Unzufriedenheit
2192 4102 2371 4156 seines
2399 4101 2579 4155 Herrn
2607 4119 2786 4171 zuge-

1660 4189 1853 4241 zogen‚
1890 4171 2020 4226 weil
2056 4189 2117 4226 er
2150 4171 2244 4226 bei
2278 4172 2406 4226 dem
2436 4172 2787 4227 Leichenbe-

1658 4243 1958 4312 g‘angnisse
2015 4243 2112 4296 des
2163 4243 2367 4297 Vaters
2419 4243 2546 4297 dem
2590 4242 2789 4299 Volke

1659 4314 1823 4368 keine
1864 4314 2048 4382 Spiele
2085 4313 2470 4382 versprochen.

1732 4389 1779 4440 1.
1809 4384 2049 4455 tuorum]
2083 4409 2151 4429 ==
2180 4383 2372 4440 deiner
2391 4384 2644 4440 Freunde
2665 4384 2787 4441 wie
