3000 4917
422 219 553 285 246
1256 215 1390 273 ΜΒ.
1429 216 1524 272 IV.
1588 215 1814 272 EPIST.
1855 221 1940 274 24.

423 381 583 445 mihi
629 384 872 464 aptum,
916 400 1092 444 nunc
1135 401 1290 443 vero
1337 379 1532 444 etiam
1582 380 1873 444 suavem!
1938 377 2175 443 Vultus
2223 380 2591 446 mehercule
2626 385 2783 446 tuos

422 468 585 534 mihi
642 468 964 553 expressit
1018 489 1271 546 omnes,
1325 489 1459 533 non
1519 467 1732 533 solum
1778 468 2065 531 animum
2115 489 2190 532 ac
2236 469 2435 533 verba
2479 470 2783 551 pertulit:

427 558 641 641 itaque
687 557 829 621 noli
874 557 1101 641 vereri,
1145 578 1228 620 ne
1273 557 1396 620 tibi
1443 556 1944 641 suscensuerim,
1991 555 2160 640 quod
2209 555 2434 621 eodem
2482 560 2780 642 exemplo

426 646 507 710 ad
563 667 693 729 me,
764 667 889 729 quo
951 645 1032 710 ad
1088 649 1361 709 ceteros:
1426 644 1740 729 requisivi
1804 643 2101 728 equidem
2164 646 2462 729 proprias
2529 646 2612 710 ad
2678 669 2783 711 me

424 756 628 799 unum
676 756 715 799 a
760 737 826 799 te
869 734 1153 818 litteras,
1201 733 1310 797 sed
1357 754 1564 817 neque
1611 732 2021 798 vehementer
2067 737 2134 798 et
2180 737 2493 798 amanter.

363 825 409 890 4
604 822 704 887 De
753 826 1042 906 sumpta,
1099 844 1289 905 quem
1344 824 1410 885 te
1465 822 1534 885 in
1588 843 1726 886 rem
1783 821 2131 886 militarem
2177 821 2388 886 facere
2435 827 2502 887 et
2548 822 2782 887 fecisse

428 911 607 995 dicis,
644 911 811 975 nihil
850 932 1005 976 sane
1044 932 1309 995 possum
1347 910 1470 974 tibi
1511 910 1838 996 opitulari,
1884 914 2226 995 propterea
2264 912 2435 995 quod
2474 914 2542 975 et
2580 912 2781 977 orbus

422 1004 522 1064 est
568 1003 827 1065 senatus
883 1000 1257 1064 consulibus
1315 998 1571 1063 amissis
1629 1002 1695 1063 et
1747 996 2157 1063 incredibiles
2196 1000 2538 1084 angustiae
2584 1021 2780 1084 pecu-

420 1089 566 1153 niae
624 1088 950 1171 publicae,
1016 1110 1180 1171 quae
1235 1088 1637 1173 conquiritur
1703 1086 2010 1171 undique,
2075 1092 2149 1152 ut
2213 1088 2455 1172 optime
2521 1088 2778 1153 meritis

423 1176 737 1241 militibus
783 1176 1106 1262 promissa
1162 1177 1523 1261 solvantur3
1592 1175 1763 1259 quod
1825 1175 2081 1259 quidem
2136 1176 2273 1241 fieri
2329 1176 2470 1241 sine
2526 1178 2777 1241 tributo

360 1265 620 1350 5posse'
667 1287 798 1329 non
844 1265 1143 1329 arbitror.
1235 1264 1334 1329 De
1378 1265 1565 1328 Attio
1615 1264 1929 1348 Dionysio
1973 1263 2138 1328 nihil
2183 1268 2344 1348 puto
2393 1287 2563 1350 esse,
2623 1288 2779 1350 quo·

421 1354 598 1418 niam
646 1353 808 1417 mihi
853 1352 1016 1417 nihil
1065 1352 1227 1417 dixit
1262 1352 1619 1418 Tratorius,
1694 1351 1792 1417 De
1827 1351 1898 1416 P.
1935 1352 2209 1418 Lucceio
2256 1353 2425 1417 nihil
2460 1354 2589 1419 tibi
2629 1375 2776 1419 con-

420 1442 602 1527 ced0,
649 1464 775 1525 quo
825 1442 1174 1507 studiosior
1222 1441 1360 1506 eius
1409 1442 1529 1526 sis,
1577 1464 1771 1526 quam
1819 1462 1941 1525 ego
1989 1463 2159 1525 sum3
2211 1446 2310 1506 est
2356 1443 2530 1506 enim
2579 1443 2775 1508 nobis

418 1531 844 1615 necessarius3
905 1530 1016 1595 sed
1062 1553 1101 1595 a
1154 1530 1480 1615 magistris
1537 1553 1684 1595 cum
1741 1530 2196 1595 contenderem
2256 1531 2333 1594 de
2380 1532 2775 1615 proferendo

419 1620 546 1702 die,
610 1620 972 1705 probarunt
1026 1619 1187 1684 mihi
1242 1641 1406 1702 sese,
1454 1619 1798 1703 quominus
1855 1618 1921 1682 id
1976 1618 2285 1703 facerent,
2352 1624 2418 1683 et
2478 1641 2777 1705 compro-

418 1708 617 1772 misso
674 1714 739 1773 et
800 1710 940 1773 iure
1002 1707 1275 1773 iurando
1342 1705 1660 1791 impediri.
1763 1706 1973 1783 Quare
2036 1708 2422 1772 veniendum
2489 1709 2778 1773 arbitror

419 1797 718 1865 Lucceio:
796 1818 1215 1883 quamquam,
1281 1797 1335 1860 si
1396 1797 1556 1862 meis
1618 1796 1855 1861 litteris
1923 1796 2421 1881 obtemperavit,
2488 1818 2637 1861 cum
2701 1803 2777 1862 tu

419 1886 581 1951 haec
625 1887 830 1971 leges,
877 1887 1061 1950 illum
1107 1885 1354 1949 Romae
1401 1906 1544 1950 esse
1591 1885 1936 1969 oportebit.

357 1975 397 2039 6
599 1973 845 2040 Ceteris
912 1974 989 2038 de
1052 1973 1243 2038 rebus
1308 1974 1713 2057 maximeque
1784 1974 1861 2037 de
1936 1973 2237 2058 pecunia,
2313 1994 2459 2037 cum
2524 1973 2779 2038 Pansae

418 2067 693 2127 mortem
739 2063 1103 2147 ignorareS,
1151 2062 1498 2145 scripsisti,
1559 2082 1720 2147 quae
1764 2084 1879 2145 per
1922 2084 2043 2126 nos
2091 2062 2172 2125 ab
2222 2083 2299 2126 eo
2349 2063 2662 2146 consequi
2707 2067 2779 2127 te

416 2172 608 2234 posse
658 2151 1073 2216 arbitrarere:
1123 2172 1287 2234 quae
1332 2154 1399 2214 te
1443 2172 1577 2215 non
1624 2149 2027 2233 fefellissent,
2076 2150 2132 2214 si
2177 2150 2452 2234 viveret3
2504 2171 2664 2214 nam
2707 2154 2780 2215 te

419 2237 756 2323 diligebat3
804 2242 954 2323 post
998 2243 1275 2303 mortem
1324 2243 1543 2304 autem
1581 2240 1719 2304 eius
1760 2239 1915 2324 quid
1961 2239 2100 2302 fieri
2142 2243 2388 2322 posset,
2429 2261 2564 2303 non
2601 2239 2779 2304 vide-

360 2328 397 2393 7
420 2327 666 2392 bamus).
758 2326 856 2393 De
900 2327 1237 2411 Venuleio,
1281 2326 1535 2409 Latino,
1583 2327 1880 2409 Horati0,
1927 2326 2113 2391 valde
2160 2327 2382 2391 laudo:
2429 2327 2595 2391 illud
2642 2349 2778 2392 non

418 2466 518 2519 das
553 2464 812 2520 Pronom.
842 2467 956 2520 und
995 2465 1087 2521 die
1127 2465 1388 2535 Stellung
1422 2483 1534 2522 von

417 2538 631 2607 quidem
667 2554 709 2592 s.
748 2556 791 2591 z.
829 2537 871 2590 Ι.
912 2542 995 2592 16.
1036 2541 1083 2590 1.
1123 2568 1191 2577 -
1230 2538 1407 2592 eodem
1444 2554 1534 2592 ex-

415 2607 611 2678 emplo]
658 2625 700 2663 s.
747 2625 793 2662 z.
840 2606 935 2663 III.
985 2613 1033 2662 5.
1081 2613 1128 2664 1.
1207 2607 1535 2663 Cornificius

414 2678 576 2732 hatte
622 2677 739 2733 also
788 2695 860 2733 an
896 2679 1151 2733 mehrere
1190 2678 1535 2733 Staatsman·

415 2765 516 2802 ner
560 2748 619 2802 in
664 2750 809 2804 Rom
856 2746 1307 2818 gleichlautende
1345 2748 1533 2805 Briefe

414 2819 724 2888 geschickt.
775 2851 839 2860 —
879 2820 1171 2892 proprias]
1220 2820 1538 2889 Gegensatz

417 2908 482 2943 zu
518 2891 697 2946 codem
734 2892 988 2960 exemplo,

487 2965 536 3015 4.
586 2961 674 3015 De
716 2962 964 3033 sumptu]
1022 2962 1130 3017 Um
1187 2961 1309 3016 sich
1355 2978 1538 3031 gegen

415 3028 506 3084 die
541 3031 843 3101 Anhanger
888 3033 987 3087 des
1021 3031 1301 3088 Antonius
1339 3049 1404 3087 zu
1442 3034 1539 3088 be-

416 3100 686 3170 haupten,
705 3102 863 3156 hatte
883 3103 1045 3160 Corn.
1065 3103 1252 3173 grosse
1273 3102 1539 3159 Summen

416 3170 802 3242 ausgewandt,
855 3175 1025 3229 deren
1072 3175 1460 3230 Zuri’ickzahlu

416 3259 475 3297 er
541 3243 804 3300 forderte.
916 3231 1067 3300 Uber
1136 3246 1203 3300 dc
1271 3264 1311 3300 s.
1384 3264 1426 3300 z.

419 3320 469 3368 1.
500 3319 551 3369 4.
617 3314 720 3369 Die
758 3316 815 3369 in
854 3332 1077 3371 unserm
1114 3314 1205 3370 Br.
1237 3317 1371 3386 folg.
1412 3316 1538 3370 Bei—

415 3385 591 3455 spiele
619 3385 831 3456 zeigen,
864 3386 987 3441 dass
1018 3386 1124 3441 mit
1150 3388 1216 3441 dc
1244 3402 1415 3456 gerne
1444 3386 1537 3442 die

413 3457 674 3511 Antwort
719 3457 819 3510 auf
852 3456 1100 3512 einzelne
1137 3455 1294 3511 Teile
1330 3456 1429 3510 des
1467 3475 1537 3511 zu

414 3526 909 3582 beantwortenden
945 3527 1159 3582 Briefes
1207 3526 1539 3595 eingeleitet

419 3597 627 3652 wurde.
659 3628 723 3637 —
756 3598 953 3666 optime
979 3597 1213 3669 meritis]
1251 3598 1329 3652 im
1368 3598 1536 3653 muti-

414 3668 744 3723 nensischen
777 3668 999 3737 Kriege.
1041 3698 1109 3708 —
1144 3670 1265 3724 sinc
1300 3668 1534 3740 tributo]

416 3737 538 3792 Scit
568 3738 668 3792 der
694 3739 1065 3810 Beendigung
1092 3739 1189 3811 des
1216 3738 1535 3795 macedoni-

416 3810 586 3864 schen
612 3809 848 3879 Krieges
886 3811 1056 3865 durch
1086 3800 1330 3865 Amilius
1367 3809 1533 3865 Paul-

415 3878 504 3934 lus
551 3896 668 3935 war
711 3882 772 3936 in
816 3880 1020 3936 Italien
1064 3882 1195 3937 kein
1234 3880 1534 3936 Tributum

414 3951 575 4005 mehr
611 3951 855 4007 erhoben
885 3952 1128 4018 worden,
1167 3954 1239 4008 da
1267 3951 1359 4007 die
1389 3955 1528 4007 Aus-

414 4022 600 4090 gaben
643 4038 744 4077 aus
791 4023 902 4077 den
935 4021 1213 4091 Abgaben
1263 4024 1361 4079 der
1396 4023 1532 4078 Pro-

414 4091 614 4146 vinzen
651 4093 948 4148 bestritten
983 4094 1228 4148 wurden.

488 4166 536 4215 5.
566 4163 652 4216 De
680 4165 836 4219 Attio
863 4164 1062 4235 Dion]
1096 4164 1256 4218 ‘Was
1286 4163 1338 4219 d.
1368 4163 1433 4219 A.
1463 4164 1531 4218 D.

416 4229 631 4283 betrifft
666 4233 729 4300 (s.
769 4250 882 4290 vor.
922 4235 1011 4290 Br.
1042 4243 1072 4300 §
1100 4236 1174 4303 3),
1213 4250 1275 4289 so
1313 4234 1535 4289 scheint

418 4313 477 4350 es
514 4299 695 4353 damit
730 4303 915 4357 nichts
955 4323 1023 4359 zu
1059 4305 1198 4372 sein,
1236 4304 1388 4360 seine
1416 4305 1532 4358 An-

418 4365 774 4432 gelegenheit
811 4372 1029 4428 scheint
1063 4374 1228 4430 keine
1267 4376 1533 4431 Aussicht

1641 2485 1709 2520 zu
1736 2466 1964 2521 haben'.
2003 2466 2345 2533 (Genaueres
2368 2465 2515 2519 fehlt
2533 2466 2652 2521 und
2681 2466 2774 2521 die

1640 2535 1982 2607 Auffassung
2008 2537 2107 2590 der
2133 2536 2329 2591 Worte
2358 2535 2437 2590 ist
2464 2535 2644 2590 daher
2673 2556 2777 2592 un·

1642 2609 1861 2678 sicher).
1912 2639 1976 2648 —
2036 2606 2123 2662 De
2175 2607 2434 2678 Lucceio]
2502 2606 2572 2661 P.
2629 2608 2778 2663 Luc·

1642 2680 1787 2733 ceius
1799 2720 1818 2748 ,
1925 2681 2082 2733 sonst
2178 2678 2538 2744 unbekannt,
2656 2694 2779 2734 war

1646 2750 1775 2804 dem
1839 2747 2032 2804 Cicero
2092 2766 2203 2804 von
2260 2747 2589 2804 Cornificius
2656 2767 2777 2804 em-

1687 2819 1893 2875 fohleu.
1971 2819 2042 2874 So
2098 2818 2213 2874 viel
2270 2819 2391 2874 sich
2439 2836 2540 2873 aus
2595 2819 2778 2875 dieser

1689 2890 1822 2946 telle
1864 2890 2158 2946 vermuten
2193 2889 2347 2957 lafst,
2383 2891 2545 2945 hatte
2584 2907 2648 2945 er
2680 2891 2779 2946 bei

1647 2962 1827 3017 einem
1867 2961 2071 3017 Streite
2118 2961 2258 3015 iiber
2293 2959 2468 3015 Gt'iter
2516 2961 2624 3016 mit
2667 2962 2777 3016 sei-

1645 3050 1774 3087 nem
1821 3032 2044 3102 Gegner
2099 3030 2220 3086 sich
2278 3032 2450 3087 dahin
2497 3032 2772 3103 geemigt,

1647 3102 1770 3158 dass
1827 3103 1916 3158 die
1964 3101 2140 3158 Guter
2197 3101 2489 3158 offentlich
2535 3102 2774 3158 verstei-

1687 3176 1775 3229 ert
1807 3175 2030 3229 werden
2070 3174 2292 3230 sollten.
2356 3174 2458 3227 Als
2497 3174 2638 3229 aber
2673 3175 2775 3228 der

1702 3243 2135 3299 uktionstermin
2208 3244 2413 3300 bereits
2478 3247 2775 3314 angesetzt

1645 3313 2773 3468 ἔὶῗῖῑέὴζῖιοςῃὲἷᾱξὸιιᾶ3οοῖἓῖξέῗὲιέἕῖ

1647 3457 1798 3511 delte
1839 3457 2147 3527 vergebens
2183 3458 2290 3511 mit
2326 3457 2435 3512 den
2465 3457 2775 3511 Auktions·

1646 3527 2085 3583 Kommissarien
2125 3529 2443 3600 (magistri).
2520 3527 2772 3584 Deshalb

1647 3599 1805 3654 hatte
1880 3617 1940 3654 er
2002 3598 2271 3669 Luccejus
2337 3602 2509 3655 echon
2575 3600 2774 3655 friiher

1644 3669 2055 3740 aufgefordert,
2105 3669 2283 3725 selbst
2329 3671 2475 3726 nach
2511 3670 2660 3726 Rom
2705 3688 2771 3724 zu

1642 3740 1925 3795 kommen.

1716 3816 1765 3866 7.
1808 3811 2085 3877 Venuleio,
2120 3810 2270 3878 Lat„
2304 3811 2475 3880 Hor]
2515 3811 2609 3866 die
2648 3810 2769 3867 drei

1640 3879 1909 3951 Legaten,
1947 3880 2038 3936 die
2069 3879 2347 3937 Calvisius
2383 3882 2443 3935 in
2472 3880 2641 3936 Utica
2675 3901 2771 3936 zu-

1640 3953 2066 4035 ri‘ickgelassen,
2130 3969 2228 4006 um
2294 3953 2470 4007 durch
2535 3951 2619 4007 sie
2676 3953 2769 4007 die

1640 4023 1879 4078 Provinz
1934 4022 2132 4077 Afrika
2185 4042 2253 4078 zu
2306 4024 2648 4092 behaupten.
2699 4054 2768 4064 -

1641 4094 1833 4162 laudo]
1883 4092 2054 4149 naml.
2091 4111 2208 4148 was
2254 4094 2332 4148 du
2367 4095 2580 4164 gethan
2618 4096 2767 4150 hast-

1641 4166 1783 4220 Dem
1831 4164 2313 4221 Senatsbeschluss
2361 4165 2612 4235 zufolge,
2668 4166 2771 4219 der

1642 4234 1751 4290 den
1781 4234 1942 4291 Corn.
1960 4236 2042 4289 als
2063 4234 2404 4290 Statthalter
2430 4236 2767 4305 bestatigte,
2842 4269 2851 4274 -

1643 4305 1867 4361 durften
1910 4305 2000 4360 die
2037 4305 2290 4375 Legaten
2328 4305 2426 4360 des
2466 4306 2767 4374 Calvisius,

1641 4375 1714 4430 da
1763 4376 1887 4432 ihre
1932 4375 2263 4432 Herrschaft
2305 4395 2376 4431 zu
2419 4377 2580 4433 Ende
2628 4394 2766 4443 war,
