3000 4917
416 245 547 309 218
1215 245 1352 301 LIB.
1392 244 1486 301 IV.
1552 244 1778 300 EPIST.
1815 252 1972 301 2-5.

417 412 486 472 te
541 408 777 472 litteris
831 408 1001 472 maio
1058 428 1460 491 cognoscere.
1551 408 1719 473 Illud
1774 408 1899 473 tibi
1944 408 2331 492 persuadeas
2377 407 2609 489 velim,
2665 429 2773 472 me

420 498 659 575 omnia,
704 518 867 581 quae
915 496 995 562 ad
1041 501 1226 560 tuam
1272 498 1656 581 dignitatem
1707 497 2068 582 augendam
2114 497 2556 581 pertinebunt,
2601 518 2776 581 quae

422 590 524 650 est
568 608 683 670 per
730 607 796 650 se
845 585 1279 669 amplissima,
1336 608 1591 651 summo
1648 608 1902 671 semper
1949 585 2159 650 studio
2207 590 2658 669 suscepturum
2707 591 2776 650 et

418 675 861 758 defensurum3
929 675 1097 756 quod
1165 696 1556 759 quamquam
1621 676 1926 758 intellego
1983 696 2084 738 me
2141 696 2285 739 cum
2341 675 2567 739 multis
2626 696 2774 739 esse

416 763 768 847 facturum,
814 768 1036 827 tamen
1082 769 1385 847 appetam
1432 764 1627 828 huius
1672 765 1768 828 rei
1812 764 2268 848 principatum.

1324 977 1678 1042 EPISTULA
1731 975 1849 1043 III.

1327 1098 1438 1167 (Ad
1473 1099 1606 1152 fam.
1642 1098 1737 1153 xl.
1773 1101 1846 1168 8.)

791 1223 865 1277 Μ.
903 1221 1162 1277 CICERO
1201 1220 1257 1277 S.
1295 1223 1362 1278 D.
1399 1222 1466 1279 D.
1504 1222 1751 1277 BRUTO
1791 1222 1935 1276 IMP.
1975 1221 2122 1278 COS.
2161 1219 2393 1277 DESIG.

361 1368 395 1431 1
597 1347 697 1412 Eo
734 1352 1026 1433 tempore
1055 1347 1244 1415 Polla
1270 1354 1385 1415 tua
1422 1349 1620 1434 misit,
1655 1352 1731 1413 ut
1758 1349 1838 1413 ad
1866 1354 1950 1430 te,
1987 1351 2043 1415 si
2071 1350 2224 1434 quid
2252 1349 2503 1430 vellem,
2539 1347 2771 1413 darem

419 1438 813 1520 litterarum,
869 1460 1039 1523 cum,
1097 1440 1248 1523 quid
1304 1437 1677 1521 scriberem,
1733 1461 1864 1503 non
1918 1439 2264 1522 habebam3
2320 1438 2538 1503 omnia
2595 1437 2769 1501 enim

419 1529 604 1590 erant
666 1547 981 1611 suspensa
1034 1532 1301 1612 propter
1366 1528 1912 1610 exspectationem
1976 1527 2371 1612 legatorum,
2435 1527 2546 1609 qui
2613 1525 2768 1610 quid

418 1615 723 1698 egissent,
748 1616 1069 1681 nihildum
1089 1617 1530 1681 nuntiabatur.
1566 1615 1747 1681 Haec
1764 1619 1984 1680 tamen
2003 1616 2342 1682 scribenda
2363 1615 2763 1679 existimavi:

415 1706 699 1786 primum
727 1710 1025 1771 senatum
1043 1706 1485 1789 populumque
1499 1705 1864 1770 Romanum
1886 1706 1963 1769 de
1982 1708 2050 1769 te
2068 1706 2366 1770 laborare
2389 1726 2523 1768 non
2552 1704 2766 1768 solum

417 1792 649 1857 salutis
697 1815 850 1858 suae
892 1815 1105 1877 causa,
1151 1794 1262 1858 sed
1300 1796 1499 1858 etiam
1538 1794 1881 1880 dignitatis
1918 1799 2095 1877 tuae3
2143 1792 2547 1857 admirabilis
2589 1793 2764 1856 enim

415 1885 515 1945 est
544 1882 856 1964 quaedam
884 1884 985 1946 tui
1013 1884 1295 1948 nominis
1324 1884 1563 1948 caritas
1593 1903 1899 1967 amorque
1919 1884 1986 1948 in
2005 1888 2073 1946 te
2094 1881 2440 1967 singularis
2472 1882 2763 1947 omnium

417 1971 679 2054 civium3
734 1973 828 2035 ita
882 1973 1050 2036 enim
1099 1976 1366 2056 sperant
1410 1977 1606 2056 atque
1656 1971 2009 2053 confidunt,
2070 1976 2145 2036 ut
2190 1974 2385 2035 antea
2431 1990 2615 2054 rege,
2671 1969 2764 2033 sic

355 2057 542 2123 2hoc
586 2065 876 2142 tempore
925 2081 1129 2146 regno
1174 2065 1240 2125 te
1286 2082 1421 2125 rem
1468 2061 1796 2144 publicam
1852 2060 2295 2125 liberaturum.
2375 2058 2625 2122 Romae
2672 2058 2764 2122 di-

415 2147 618 2211 lectus
666 2147 945 2212 habetur
988 2154 1257 2232 totaque
1303 2149 1528 2232 Italia,
1583 2151 1638 2213 si
1691 2149 1799 2213 hic
1852 2148 2121 2213 dilectus
2169 2147 2599 2232 appellandus
2647 2150 2763 2229 est,

416 2257 563 2301 cum
619 2236 791 2300 ultro
849 2259 916 2301 se
973 2238 1249 2302 offerunt
1303 2260 1556 2302 omnes:
1610 2242 1832 2302 tantus
1888 2238 2081 2302 ardor
2128 2238 2378 2301 animos
2425 2235 2765 2300 hominum

418 2325 759 2407 occupavit
805 2326 1119 2391 desiderio
1166 2326 1490 2391 libertatis
1549 2328 1823 2411 odioque
1879 2327 2163 2391 diutinae
2219 2325 2574 2388 servitutis.
2665 2323 2765 2389 De

416 2413 680 2496 reliquis
719 2414 908 2479 rebus
950 2438 988 2479 a
1034 2419 1098 2480 te
1144 2416 1280 2480 iam
1327 2419 1699 2499 exspectare
1745 2416 1996 2480 litteras
2043 2415 2371 2496 debemuS,
2421 2413 2577 2498 quid
2623 2414 2764 2497 ipse

418 2523 595 2587 agae,
644 2503 797 2587 quid
842 2507 1065 2569 noster
1101 2504 1373 2588 Hirtius,
1421 2504 1576 2589 quid
1628 2503 1867 2570 Caesar
1903 2525 2101 2588 meus,
2149 2525 2311 2588 quos
2349 2524 2540 2586 spero
2578 2502 2759 2566 brevi

413 2594 703 2675 tempore
763 2594 1071 2658 societate
1127 2593 1434 2658 victoriae
1491 2597 1707 2658 tecum
1763 2593 2101 2677 copulatos
2156 2593 2314 2657 fore.
2412 2590 2762 2676 Reliquum

414 2684 529 2764 est,
575 2683 649 2744 ut
695 2680 771 2744 de
820 2703 922 2745 me
967 2682 1033 2745 id
1082 2682 1382 2765 scribam,
1428 2683 1598 2766 quod
1643 2687 1709 2745 te
1757 2703 1834 2745 ex
1878 2684 2139 2745 tuorum
2185 2680 2429 2745 litteris
2468 2684 2535 2744 et
2570 2701 2762 2764 spero

416 2773 481 2833 et
517 2770 689 2832 malo
729 2790 1144 2854 cognoscere:
1192 2793 1293 2835 me
1330 2792 1540 2854 neque
1580 2771 1801 2835 deesse
1837 2770 1972 2834 ulla
2007 2771 2072 2834 in
2111 2791 2180 2834 re
2222 2790 2429 2853 neque
2476 2790 2765 2852 unquam

414 2857 782 2921 defuturum
831 2858 1136 2944 dignitati
1181 2863 1349 2924 tuae.

1334 3036 1684 3101 EPISTULA
1730 3034 1843 3105 IV.

1325 3157 1435 3226 (Ad
1471 3155 1606 3209 fam.
1645 3155 1737 3211 XI.
1777 3156 1850 3225 9.)

1032 3278 1098 3334 D.
1136 3277 1425 3333 BRUTUS
1464 3279 1518 3334 S.
1557 3280 1623 3333 D.
1662 3280 1737 3335 M.
1777 3278 2133 3335 CICERONI.

355 3405 389 3468 1
589 3406 803 3472 Pansa
850 3407 1090 3471 amisso
1149 3410 1462 3489 quantum
1520 3407 1891 3472 detrimenti
1945 3429 2048 3471 res
2103 3407 2363 3490 publica
2420 3407 2763 3491 acceperit,

413 3518 549 3560 non
594 3499 662 3559 te
708 3496 1045 3579 praeterit:
1092 3515 1262 3558 nunc
1309 3495 1697 3559 auctoritate
1740 3501 1805 3559 et
1851 3495 2193 3579 prudentia
2237 3500 2352 3560 tua
2396 3496 2761 3579 prospicias

413 3589 687 3668 oportet,
732 3606 815 3648 ne
860 3584 1106 3648 inimici
1149 3583 1377 3666 nostri,
1423 3583 1797 3648 consulibus
1845 3585 2139 3669 sublatis,
2184 3588 2446 3666 sperent
2491 3607 2560 3647 se
2609 3606 2758 3649 con-

480 3776 661 3830 Emsr.
710 3775 803 3831 III.
853 3778 996 3845 (711.
1043 3778 1154 3845 43.)
1228 3775 1340 3829 Der
1375 3774 1538 3830 Brief
1709 3775 1886 3830 Emer.
1931 3774 2026 3829 IV.
2075 3778 2219 3845 (711.
2268 3778 2376 3844 43.)
2447 3773 2615 3829 Nach
2658 3776 2763 3830 der

407 3848 485 3902 ist
520 3847 601 3901 im
637 3847 848 3902 Januar
883 3845 1264 3916 geschrieben.
1639 3846 1908 3901 Schlacht
1951 3847 2043 3901 bei
2078 3845 2301 3900 Mutina
2335 3864 2429 3900 am
2466 3852 2553 3900 26.
2589 3847 2757 3916 April

485 3926 531 3974 1.
580 3920 766 3989 Polla]
815 3917 1036 3981 Paulla,
1085 3916 1384 3973 Gemahlin
1430 3917 1530 3972 des
1637 3919 1835 3972 suchte
1861 3916 2138 3971 Antonius
2174 3919 2313 3972 fiber
2349 3915 2440 3970 die
2468 3916 2653 3987 Alpen
2687 3935 2758 3970 zu

409 3991 476 4045 D.
523 3991 744 4044 Brutus.
792 4021 858 4030 -
905 3992 1056 4045 misit
1108 3990 1196 4060 ut]
1252 3987 1377 4043 liess
1421 3989 1532 4042 mir
1637 3987 2022 4072 enssromzuen,
2069 4005 2165 4041 um
2211 3989 2330 4042 sich
2367 3987 2474 4042 mit
2506 3988 2758 4069 Lepidus

409 4078 583 4185 {1²53
594 4080 698 4186 ..2-
724 4062 797 4185 ξ.
825 4060 1530 4212 {azug-..ssgffgfisssffl
1638 4058 2589 4212 zzfvzffiznsssseffsgssssmzffl
2613 4061 2760 4185 533

411 4202 847 4257 Gesandtschatt
897 4219 938 4255 s,
979 4201 1126 4256 Eml.
1163 4221 1209 4255 z.
1246 4201 1296 4258 J.
1333 4208 1419 4256 43.
1462 4233 1530 4242 --
1637 4201 1874 4269 Regium
1912 4201 2129 4271 Lepidi,
2169 4202 2419 4256 Dertona
2445 4201 2756 4270 (Tortone),

408 4272 672 4341 primum]
700 4274 842 4327 ohne
862 4272 1300 4341 nachfolgendes
1318 4275 1530 4339 deinde,
1635 4272 1954 4341 Vercellae,
1991 4271 2276 4327 Pollentia
2310 4271 2470 4327 nach.

410 4340 518 4393 wie
564 4339 657 4392 III.
705 4351 751 4394 5.
802 4348 847 4395 1.
916 4371 982 4383 -
1046 4344 1335 4415 quaedam]
1393 4363 1433 4398 s.
1483 4362 1527 4398 z.
1711 4351 1758 4398 1.
1798 4344 1991 4399 Pansa
2035 4343 2258 4414 amisso]
2305 4342 2559 4398 derselbe
2595 4343 2757 4398 starb

411 4410 481 4464 II.
512 4414 596 4463 22.
627 4415 676 4465 2.
1639 4431 1731 4468 am
1758 4420 1845 4469 28.
1866 4412 2043 4484 April.
2068 4445 2131 4455 —
2154 4415 2465 4471 consulibus
2490 4413 2751 4484 sublatis]

2930 0 2958 923 ἦ

2954 1290 2957 1459 w
