3000 4917
429 218 524 284 80
1219 217 1352 273 LIB.
1391 218 1433 273 Ι.
1498 217 1715 273 EPIST.
1754 223 1982 274 28—30.

432 383 710 447 honesto
750 382 965 465 aliquo
1003 380 1281 463 homine,
1320 380 1498 445 cuius
1535 381 1922 446 auctoritate
1951 382 2389 447 navicularius
2418 386 2777 450 moveatur.

433 471 514 535 In
548 471 670 536 1100
708 492 964 535 omnem
1002 469 1406 555 diligentiam
1445 469 1500 533 si
1538 468 1905 535 adhibueris
1941 474 2130 554 teque
2164 471 2354 535 nobis
2384 472 2776 537 incolumem

428 559 700 642 stiteriS,
746 559 964 624 omnia
1012 581 1050 622 a
1094 561 1159 622 te
1205 557 1476 622 habebo·
1564 556 1786 622 Etiam
1831 561 2023 643 atque
2073 559 2288 644 etiam,
2332 564 2555 625 noster
2602 561 2778 646 Tiro,

434 649 591 714 vale.
665 647 934 730 Medico,
982 643 1194 730 Curi0,
1233 646 1476 731 Lysoni
1527 645 1604 710 de
1642 650 1706 711 te
1745 648 1976 730 scripsi
2014 647 2526 733 diligentissime.
2590 648 2776 734 Vale,

433 738 627 802 salve.

1281 912 1634 978 EPISTULA
1680 912 1914 980 XXIX.

1309 1034 1416 1102 (Aa
1446 1033 1578 1087 fam.
1608 1033 1754 1086 XVI.
1790 1037 1894 1103 11.)

593 1158 896 1214 TULLIUS
936 1157 1030 1211 ET
1071 1157 1346 1223 CICERO,
1385 1157 1781 1225 ΤΕΒΕΝΤΙΑ,
1822 1158 2115 1228 TULLIA,
2155 1158 2218 1224 Q.
2257 1161 2318 1226 Q.
2360 1159 2622 1215 TIRONI

1222 1228 1369 1284 SAL.
1410 1228 1798 1284 PLURIMAM
1836 1229 1973 1285 DIC.

367 1340 408 1403 1
614 1338 764 1403 Etsi
810 1339 1364 1422 opportunitatem
1412 1360 1643 1422 operae
1692 1344 1845 1404 tuae
1893 1341 2191 1404 omnibus
2249 1339 2410 1405 locis
2461 1340 2780 1424 desidem,

432 1433 654 1492 tamen
697 1450 829 1493 non
873 1433 1008 1492 tam
1057 1449 1201 1492 mea
1246 1450 1440 1512 quam
1485 1432 1600 1492 tua
1645 1450 1839 1493 causa
1886 1428 2070 1493 doleo
2107 1432 2171 1492 te
2207 1450 2339 1493 non
2376 1430 2613 1514 valere3
2663 1431 2778 1494 sed

435 1517 739 1601 quoniam
796 1518 864 1580 in
919 1521 1302 1601 quartanam
1359 1537 1669 1582 conversa
1723 1518 1820 1581 vis
1879 1522 1978 1582 est
2041 1517 2253 1582 morbi
2314 1554 2389 1563 —
2450 1519 2542 1583 sic
2600 1520 2777 1583 enim

435 1606 660 1670 scribit
705 1602 936 1670 Curius
985 1642 1068 1652 —
1082 1627 1341 1689 ,spero
1397 1609 1464 1669 te
1520 1605 1867 1692 diligentia
1908 1605 2200 1670 adhibita
2243 1607 2375 1670 iam
2419 1606 2777 1672 firmiorem

433 1694 598 1760 fore:
658 1694 849 1760 modo
906 1693 1035 1776 fac,
1090 1695 1154 1759 id
1202 1694 1373 1795 quod
1420 1699 1520 1759 est
1565 1694 1991 1759 humanitatis
2037 1698 2218 1776 tuae,
2265 1717 2348 1759 ne
2396 1695 2549 1778 quid
2599 1696 2779 1761 aliud

434 1805 616 1848 cures
671 1782 794 1848 1100
849 1787 1167 1866 tempore,
1221 1782 1352 1846 nisi
1405 1786 1479 1847 ut
1537 1805 1730 1867 quam
1777 1783 2293 1848 commodissime
2341 1784 2779 1851 convalescas,

432 1871 583 1938 Non
637 1872 894 1957 ignoro,
952 1876 1268 1956 quantum
1325 1893 1401 1936 ex
1458 1871 1774 1937 desiderio
1821 1873 2104 1956 labores3
2161 1872 2271 1936 sed
2317 1876 2504 1937 erunt
2551 1874 2775 1938 omnia

431 1960 677 2045 facilia,
741 1960 797 2025 si
866 1959 1134 2025 valebis·
1197 1959 1501 2024 festinare
1566 1964 1631 2024 t'e
1693 1961 1876 2044 nolo,
1938 1983 2020 2025 ne
2075 1983 2349 2025 nauseae
2404 1962 2776 2027 molestiam

439 2050 750 2133 suscipias
800 2070 992 2133 aeger
1038 2052 1103 2112 et
1148 2049 1506 2133 periculose
1554 2048 1764 2113 hieme
1810 2051 2098 2135 naviges,

364 2139 412 2202 2
608 2137 753 2223 Ego
810 2138 890 2202 ad
944 2136 1168 2202 urbem
1226 2138 1466 2202 accessi
1518 2160 1614 2221 pr.
1668 2137 1834 2203 Non.
1888 2137 2023 2202 Ian.
2124 2136 2397 2228 Obviam
2452 2138 2616 2202 mihi
2681 2141 2777 2204 sic

434 2230 534 2291 est
597 2226 954 2310 proditum,
1018 2229 1092 2290 ut
1152 2225 1315 2289 nihil
1377 2232 1602 2310 posset
1663 2228 1805 2292 fieri
1870 2222 2214 2305 ornatius3
2267 2226 2379 2291 sed
2440 2227 2639 2291 incidi
2706 2229 2778 2292 in

432 2316 641 2400 ipsam
698 2315 1025 2379 flammam
1081 2315 1287 2381 civilis
1352 2315 1707 2385 discordiae
1771 2317 1873 2381 vel
1932 2317 2148 2400 potius
2212 2315 2394 2399 belli3
2459 2317 2561 2379 cui
2626 2338 2778 2381 cum

434 2427 732 2490 cuperem
776 2403 1019 2468 mederi
1066 2408 1155 2485 et,
1201 2408 1275 2468 ut
1321 2403 1627 2487 arbitror,
1671 2427 1958 2488 possem,
2018 2404 2400 2506 cupiditates
2448 2408 2776 2469 certorum

431 2493 766 2559 hominum
819 2530 894 2540 -
945 2515 1097 2558 nam
1145 2516 1222 2557 ex
1269 2497 1539 2577 utraque
1585 2497 1770 2576 parte
1813 2498 1982 2576 sunt,
2029 2494 2139 2577 qui
2168 2513 2464 2578 pugnare
2504 2493 2774 2577 cupiant

434 2583 1018 2668 i—-mpedimento
1057 2582 1220 2647 mihi
1256 2581 1534 2646 fuerunt.
1609 2580 1887 2646 Omnino
1935 2585 1999 2646 et
2044 2583 2184 2666 ipse
2223 2580 2478 2666 Caesar,
2525 2583 2776 2647 amicus

430 2675 669 2750 noster,
716 2673 996 2736 minaces
1036 2671 1115 2735 ad
1155 2674 1448 2735 senatum
1488 2672 1555 2734 et
1598 2671 1858 2735 acerbas
1903 2672 2156 2735 litteras
2206 2670 2472 2735 miserat
2519 2674 2584 2735 et
2634 2676 2781 2735 erat

429 2758 639 2824 adhuc
695 2759 1034 2842 impudens
1045 2810 1062 2843 ,
1126 2760 1233 2843 qui
1293 2760 1640 2824 exercitum
1700 2763 1764 2823 et
1816 2760 2215 2843 provinciam
2268 2759 2477 2824 invito
2536 2764 2776 2825 senatu

1653 2969 1773 3023 sich
1825 2968 2084 3037 berufen,
2149 2970 2232 3024 als
2289 2969 2615 3024 Vermittler
2673 2971 2777 3026 des

1651 3039 1914 3095 Friedens
1961 3040 2236 3094 zwischen
2282 3041 2373 3094 die
2419 3042 2654 3095 Manner
2696 3040 2777 3097 ‘zu

1650 3112 1859 3179 treten,
1898 3112 1988 3166 die
2025 3111 2190 3167 beide
2228 3131 2295 3166 zu
2331 3112 2450 3166 ihm
2487 3127 2629 3182 enge
2668 3113 2778 3168 Be-

1652 3181 1959 3252 ziehungen
2014 3182 2242 3251 hatten,
2302 3182 2393 3238 die
2451 3182 2614 3238 beide
2669 3183 2778 3237 ihn

1653 3252 1914 3308 achteten
1968 3254 2083 3307 und
2138 3255 2240 3307 auf
2284 3255 2402 3307 sein
2447 3254 2610 3308 Wort
2656 3254 2781 3308 viel

1653 3341 1721 3377 zu
1788 3326 1966 3393 geben
2032 3324 2344 3379 schienen“.
2434 3323 2632 3394 (Ihne.)
2698 3356 2779 3365 —

431 2972 481 3020 te
531 2997 600 3007 -
648 2969 872 3039 stiteris]
938 2985 1037 3024 aus
1101 2969 1200 3024 der
1262 2968 1543 3024 Gerichts-

427 3037 664 3106 sprache
704 3040 973 3093 entlehnt.
1039 3041 1156 3094 Att.
1185 3040 1250 3095 X.
1286 3047 1365 3095 16.
1398 3046 1455 3095 6.
1495 3046 1546 3095 te

430 3125 491 3162 ve
526 3115 667 3163 etam
702 3111 860 3164 nobis
894 3113 959 3164 in
995 3111 1233 3167 Graecia
1267 3114 1409 3167 siste.

548 3199 678 3234 Plsw.
745 3181 939 3236 XXIX.
1015 3184 1167 3252 (795.
1231 3184 1349 3252 49.)
1436 3180 1545 3236 Am

425 3256 482 3304 4.
510 3251 632 3306 Jan.
661 3269 779 3305 war
807 3251 997 3306 Cicero
1035 3270 1135 3307 vor
1172 3252 1282 3307 den
1320 3253 1544 3307 Thoren

429 3322 530 3376 der
574 3322 921 3404 Hauptstadt
968 3324 1398 3393 angekommen,
1451 3324 1543 3379 die

429 3410 492 3446 er
528 3394 631 3448 mit
668 3396 797 3448 dem
831 3394 1134 3463 Imperium
1167 3395 1329 3449 nicht
1361 3394 1543 3449 betre-

427 3467 527 3518 ten
563 3465 749 3519 durfte
784 3465 899 3519 und
945 3466 1213 3520 011οἤ011011
1256 3466 1415 3520 nicht
1449 3467 1544 3520 be·

428 3537 613 3589 treten
642 3535 851 3603 wollte‚
879 3535 1007 3589 weil
1034 3553 1094 3590 er
1120 3554 1225 3590 nur
1254 3536 1336 3591 als
1364 3537 1544 3663 Iffipe-

1448 3611 1545 3664 ber

424 3678 559 3805 dieJ
567 3678 866 3748 Vorgange
912 3679 975 3732 in
1018 3678 1160 3732 Rom
1207 3698 1248 3733 s.
1297 3679 1349 3734 d.
1397 3680 1542 3735 Einl.

423 3769 456 3803 0
600 3755 719 3805 705.

504 3827 551 3874 1.
607 3821 1065 3890 opportunitatem
1101 3822 1314 3892 operae]
1369 3821 1544 3875 durch

428 3892 531 3946 das
571 3892 895 3946 Substantiv
933 3893 1074 3946 statt
1113 3893 1211 3946 des
1248 3891 1542 3960 Adjektivs

427 3968 814 4043 (opportunam
848 3966 1087 4033 operam)
1132 3963 1272 4017 vvird
1308 3963 1405 4016 der
1441 3963 1543 4016 Be-

423 4032 564 4102 griff
629 4033 989 4104 begrfindend
1062 4034 1542 4104 hervorgehobem

427 4103 541 4172 vgl.
575 4103 616 4160 Ι.
649 4109 731 4158 18.
761 4110 854 4158 25:
892 4107 1101 4174 inopia.
1132 4133 1200 4145 —·
1227 4104 1539 4175 firmiorem]

428 4174 512 4226 als
542 4191 642 4228 vor
670 4174 769 4229 der
794 4175 1124 4230 Krankheit.
1163 4208 1230 4217 —
1268 4192 1376 4231 rte.
1395 4193 1541 4231 .-na

426 4244 593 4313 viqes]
645 4246 847 4300 ebenso
889 4248 968 4300 im
1002 4248 1138 4316 folg.
1175 4247 1265 4301 Br.
1303 4252 1334 4313 ἓ
1372 4253 1429 4301 6.
1477 4252 1542 4301 ut

425 4319 528 4368 aut
563 4331 753 4382 aeyer
790 4323 888 4371 aut
922 4319 1124 4372 hieme
1159 4320 1395 4386 ‘navi-qe&

499 4390 548 4439 2.
580 4386 672 4439 cai
693 4426 704 4437 .
728 4425 739 4438 .
763 4427 774 4438 .
796 4388 1018 4458 mederi]
1051 4388 1240 4443 Cicero
1270 4388 1539 4457 „glaubte

427 3608 582 3662 rator
625 3577 1032 3690 triumphieren
1078 3607 1304 3662 konnte.

1651 3401 1917 3450 certorum
1969 3395 2268 3465 hominum]
2336 3395 2413 3448 Er
2450 3395 2627 3449 denkt
2671 3397 2778 3450 da·

1651 3466 1745 3520 bei
1795 3465 1945 3520 wohl
2009 3465 2278 3520 zunachst
2336 3483 2409 3520 an
2464 3466 2554 3520 die
2611 3465 2656 3520 O
2698 3466 2779 3520 ti-

1650 3539 1856 3592 maten.
1939 3536 2043 3592 Die
2088 3536 2295 3607 Klage,
2347 3536 2471 3590 dass
2518 3537 2608 3591 die

1651 3608 1866 3678 hanger
1912 3607 2009 3662 des
2056 3608 2353 3678 Pompejus
2400 3625 2524 3662 zum
2560 3607 2776 3678 Kriege

1651 3681 1942 3748 drangten‚
1982 3680 2149 3733 kehrt
2183 3681 2243 3733 in
2279 3679 2390 3733 den
2425 3678 2650 3734 Briefen
2688 3679 2779 3735 oft

1651 3751 1874 3805 wieder.
1919 3781 1986 3790 —-
2042 3750 2299 3821 Omnino]
2350 3751 2440 3804 die
2478 3750 2775 3805 Versiche-

1650 3819 2777 3947 {wztfflssssffiffisszsssszzvtffif2333:

1651 3962 1976 4030 verhffltnis,
2013 3962 2202 4017 indem
2239 3960 2416 4017 damit
2444 3964 2567 4017 eine
2596 3964 2774 4018 'Phat-

1653 4036 1820 4088 sache
1893 4035 1977 4089 als
2051 4033 2360 4088 bestehend
2444 4035 2775 4104 zugegeben

1650 4105 1885 4159 wirdae—
1901 4104 2133 4175 litteras]
2151 4104 2363 4159 welche
2382 4110 2538 4160 aml.
2557 4106 2776 4161 Januar

1615 4186 1619 4192 ’
1648 4176 1728 4230 im
1740 4177 1943 4230 Senate
1958 4177 2210 4230 verlesen
2226 4176 2471 4231 wurden.
2483 4207 2550 4217 —
2563 4177 2770 4248 adhuc]

1651 4246 1712 4301 C.
1740 4247 1817 4301 ist
1852 4247 2044 4302 bisher
2072 4278 2140 4286 —
2169 4247 2368 4301 immet
2395 4248 2541 4301 noch
2572 4278 2636 4287 —
2666 4266 2771 4301 un-

1647 4318 1979 4387 verschamt‚
2007 4318 2080 4373 da
2104 4334 2165 4372 er
2183 4337 2238 4373 u.
2254 4336 2295 4372 s.
2312 4337 2383 4373 w.
2403 4349 2470 4358 —
2491 4324 2572 4373 et.
2597 4319 2771 4373 .Cae-

1644 4389 1764 4460 sar]
1777 4389 2307 4459 korrespondierend
2318 4389 2423 4443 mit
2437 4394 2486 4444 et
2499 4388 2682 4444 Cario.
2696 4419 2767 4428 —
