<?xml version="1.0" encoding="UTF-8"?>
<!DOCTYPE html PUBLIC "-//W3C//DTD XHTML 1.0 Transitional//EN"
    "http://www.w3.org/TR/xhtml1/DTD/xhtml1-transitional.dtd">
<html xmlns="http://www.w3.org/1999/xhtml" xml:lang="en" lang="en">
 <head>
  <title>
</title>
<meta http-equiv="Content-Type" content="text/html;charset=utf-8" />
  <meta name='ocr-system' content='tesseract 3.04.00' />
  <meta name='ocr-capabilities' content='ocr_page ocr_carea ocr_par ocr_line ocrx_word'/>
</head>
<body>
  <div class='ocr_page' id='page_1' title='image "ausgewhltebrief02freygoog_0248.png"; bbox 0 0 3000 4917; ppageno 0'>
   <div class='ocr_carea' id='block_1_1' title="bbox 437 227 2011 295">
    <p class='ocr_par' dir='ltr' id='par_1_1' title="bbox 437 227 2011 295">
     <span class='ocr_line' id='line_1_1' title="bbox 437 227 2011 295; baseline -0.008 0"><span class='ocrx_word' id='word_1_1' title='bbox 437 230 570 295; x_wconf 83' lang='lat'><strong>234</strong></span> <span class='ocrx_word' id='word_1_2' title='bbox 1202 228 1340 285; x_wconf 75' lang='grc' dir='ltr'><strong>ΜΒ.</strong></span> <span class='ocrx_word' id='word_1_3' title='bbox 1376 228 1470 285; x_wconf 89' lang='lat' dir='ltr'><strong>1V.</strong></span> <span class='ocrx_word' id='word_1_4' title='bbox 1535 227 1761 283; x_wconf 82' lang='lat' dir='ltr'>EPIST.</span> <span class='ocrx_word' id='word_1_5' title='bbox 1802 233 1884 282; x_wconf 77' lang='lat'><strong>16.</strong></span> <span class='ocrx_word' id='word_1_6' title='bbox 1928 233 2011 283; x_wconf 73' lang='grc' dir='ltr'><strong>ιτ.</strong></span> 
     </span>
    </p>
   </div>
   <div class='ocr_carea' id='block_1_2' title="bbox 436 389 2806 744">
    <p class='ocr_par' dir='ltr' id='par_1_2' title="bbox 436 389 2806 744">
     <span class='ocr_line' id='line_1_2' title="bbox 436 389 2805 480; baseline -0.003 -21"><span class='ocrx_word' id='word_1_7' title='bbox 436 397 615 478; x_wconf 88' lang='lat' dir='ltr'><strong>peto,</strong></span> <span class='ocrx_word' id='word_1_8' title='bbox 671 396 746 458; x_wconf 91' lang='lat' dir='ltr'><strong>ut</strong></span> <span class='ocrx_word' id='word_1_9' title='bbox 804 391 1112 480; x_wconf 87' lang='lat' dir='ltr'><strong>dignitati</strong></span> <span class='ocrx_word' id='word_1_10' title='bbox 1162 413 1342 457; x_wconf 90' lang='lat' dir='ltr'><strong>meae</strong></span> <span class='ocrx_word' id='word_1_11' title='bbox 1388 391 1760 478; x_wconf 85' lang='lat' dir='ltr'><strong>suffrageris</strong></span> <span class='ocrx_word' id='word_1_12' title='bbox 1806 394 1898 475; x_wconf 88' lang='lat' dir='ltr'><strong>et,</strong></span> <span class='ocrx_word' id='word_1_13' title='bbox 1954 411 2231 475; x_wconf 87' lang='lat' dir='ltr'><strong>quarum</strong></span> <span class='ocrx_word' id='word_1_14' title='bbox 2274 411 2493 454; x_wconf 89' lang='lat' dir='ltr'><strong>rerum</strong></span> <span class='ocrx_word' id='word_1_15' title='bbox 2539 410 2655 472; x_wconf 86' lang='lat' dir='ltr'><strong>spe</strong></span> <span class='ocrx_word' id='word_1_16' title='bbox 2711 389 2805 453; x_wconf 87' lang='lat' dir='ltr'><strong>ad</strong></span> 
     </span>
     <span class='ocr_line' id='line_1_3' title="bbox 439 478 2804 566; baseline -0.002 -20"><span class='ocrx_word' id='word_1_17' title='bbox 439 483 694 548; x_wconf 89' lang='lat' dir='ltr'><strong>laudem</strong></span> <span class='ocrx_word' id='word_1_18' title='bbox 742 504 844 546; x_wconf 91' lang='lat' dir='ltr'><strong>me</strong></span> <span class='ocrx_word' id='word_1_19' title='bbox 891 481 1165 565; x_wconf 83' lang='lat' dir='ltr'><strong>vocasti,</strong></span> <span class='ocrx_word' id='word_1_20' title='bbox 1218 480 1451 546; x_wconf 90' lang='lat' dir='ltr'><strong>harum</strong></span> <span class='ocrx_word' id='word_1_21' title='bbox 1496 481 1717 546; x_wconf 90' lang='lat' dir='ltr'><strong>fructu</strong></span> <span class='ocrx_word' id='word_1_22' title='bbox 1762 480 1832 544; x_wconf 90' lang='lat' dir='ltr'><strong>in</strong></span> <span class='ocrx_word' id='word_1_23' title='bbox 1875 480 2197 566; x_wconf 90' lang='lat' dir='ltr'><strong>reliquum</strong></span> <span class='ocrx_word' id='word_1_24' title='bbox 2252 478 2454 543; x_wconf 86' lang='lat' dir='ltr'><strong>facias</strong></span> <span class='ocrx_word' id='word_1_25' title='bbox 2516 478 2804 543; x_wconf 90' lang='lat' dir='ltr'><strong>alacrio-</strong></span> 
     </span>
     <span class='ocr_line' id='line_1_4' title="bbox 438 566 2806 654; baseline -0.002 -19"><span class='ocrx_word' id='word_1_26' title='bbox 438 592 594 636; x_wconf 88' lang='lat' dir='ltr'><strong>rem.</strong></span> <span class='ocrx_word' id='word_1_27' title='bbox 682 568 835 636; x_wconf 88' lang='lat' dir='ltr'><strong>Non</strong></span> <span class='ocrx_word' id='word_1_28' title='bbox 893 569 1107 635; x_wconf 91' lang='lat' dir='ltr'><strong>minus</strong></span> <span class='ocrx_word' id='word_1_29' title='bbox 1162 591 1355 654; x_wconf 90' lang='lat' dir='ltr'><strong>posse</strong></span> <span class='ocrx_word' id='word_1_30' title='bbox 1408 573 1476 634; x_wconf 89' lang='lat' dir='ltr'><strong>te</strong></span> <span class='ocrx_word' id='word_1_31' title='bbox 1532 591 1723 653; x_wconf 89' lang='lat' dir='ltr'><strong>quam</strong></span> <span class='ocrx_word' id='word_1_32' title='bbox 1779 570 1943 634; x_wconf 85' lang='lat' dir='ltr'><strong>velle</strong></span> <span class='ocrx_word' id='word_1_33' title='bbox 1998 569 2407 652; x_wconf 83' lang='lat' dir='ltr'><strong>exploratum</strong></span> <span class='ocrx_word' id='word_1_34' title='bbox 2454 566 2622 631; x_wconf 90' lang='lat' dir='ltr'><strong>mihi</strong></span> <span class='ocrx_word' id='word_1_35' title='bbox 2670 569 2806 631; x_wconf 87' lang='lat' dir='ltr'><strong>est.</strong></span> 
     </span>
     <span class='ocr_line' id='line_1_5' title="bbox 438 658 1682 744; baseline 0 -21"><span class='ocrx_word' id='word_1_36' title='bbox 438 658 568 725; x_wconf 89' lang='lat' dir='ltr'><strong>Fac</strong></span> <span class='ocrx_word' id='word_1_37' title='bbox 612 661 832 725; x_wconf 85' lang='lat' dir='ltr'><strong>valeas</strong></span> <span class='ocrx_word' id='word_1_38' title='bbox 880 681 1109 743; x_wconf 91' lang='lat' dir='ltr'><strong>meque</strong></span> <span class='ocrx_word' id='word_1_39' title='bbox 1154 661 1379 724; x_wconf 83' lang='lat' dir='ltr'><strong>mutuo</strong></span> <span class='ocrx_word' id='word_1_40' title='bbox 1427 658 1682 744; x_wconf 78' lang='lat' dir='ltr'><strong>diligas,</strong></span> 
     </span>
    </p>
   </div>
   <div class='ocr_carea' id='block_1_3' title="bbox 1304 902 1921 1099">
    <p class='ocr_par' dir='ltr' id='par_1_3' title="bbox 1304 902 1921 1099">
     <span class='ocr_line' id='line_1_6' title="bbox 1304 902 1921 973; baseline -0.002 -1"><span class='ocrx_word' id='word_1_41' title='bbox 1304 906 1664 973; x_wconf 70' lang='lat' dir='ltr'><strong>Ems‘rnLA</strong></span> <span class='ocrx_word' id='word_1_42' title='bbox 1707 902 1921 971; x_wconf 89' lang='lat' dir='ltr'>XVII.</span> 
     </span>
     <span class='ocr_line' id='line_1_7' title="bbox 1342 1025 1880 1099; baseline 0.007 -19"><span class='ocrx_word' id='word_1_43' title='bbox 1342 1028 1454 1099; x_wconf 85' lang='lat' dir='ltr'><strong>(Ad</strong></span> <span class='ocrx_word' id='word_1_44' title='bbox 1487 1028 1622 1082; x_wconf 81' lang='lat' dir='ltr'><strong>fam.</strong></span> <span class='ocrx_word' id='word_1_45' title='bbox 1661 1025 1731 1084; x_wconf 81' lang='lat' dir='ltr'><strong>x,</strong></span> <span class='ocrx_word' id='word_1_46' title='bbox 1770 1029 1880 1097; x_wconf 83' lang='lat'><strong>12.)</strong></span> 
     </span>
    </p>
   </div>
   <div class='ocr_carea' id='block_1_4' title="bbox 1233 1149 1987 1207">
    <p class='ocr_par' dir='ltr' id='par_1_4' title="bbox 1233 1149 1987 1207">
     <span class='ocr_line' id='line_1_8' title="bbox 1233 1149 1987 1207; baseline 0 -1"><span class='ocrx_word' id='word_1_47' title='bbox 1233 1149 1559 1206; x_wconf 85' lang='lat' dir='ltr'>CICERO</span> <span class='ocrx_word' id='word_1_48' title='bbox 1615 1149 1987 1207; x_wconf 79' lang='lat' dir='ltr'>PLANCO.</span> 
     </span>
    </p>
   </div>
   <div class='ocr_carea' id='block_1_5' title="bbox 433 1275 2800 3314">
    <p class='ocr_par' dir='ltr' id='par_1_5' title="bbox 434 1275 2800 2517">
     <span class='ocr_line' id='line_1_9' title="bbox 615 1275 2800 1364; baseline -0.002 -21"><span class='ocrx_word' id='word_1_49' title='bbox 615 1277 763 1343; x_wconf 86' lang='lat' dir='ltr'><strong>Etsi</strong></span> <span class='ocrx_word' id='word_1_50' title='bbox 799 1278 893 1342; x_wconf 90' lang='lat' dir='ltr'><strong>rei</strong></span> <span class='ocrx_word' id='word_1_51' title='bbox 929 1276 1226 1361; x_wconf 90' lang='lat' dir='ltr'><strong>publicae</strong></span> <span class='ocrx_word' id='word_1_52' title='bbox 1272 1300 1466 1343; x_wconf 89' lang='lat' dir='ltr'><strong>causa</strong></span> <span class='ocrx_word' id='word_1_53' title='bbox 1511 1278 1794 1344; x_wconf 83' lang='lat' dir='ltr'><strong>maxime</strong></span> <span class='ocrx_word' id='word_1_54' title='bbox 1841 1277 2124 1364; x_wconf 86' lang='lat' dir='ltr'><strong>gaudere</strong></span> <span class='ocrx_word' id='word_1_55' title='bbox 2171 1276 2372 1341; x_wconf 83' lang='lat' dir='ltr'>debeo</span> <span class='ocrx_word' id='word_1_56' title='bbox 2419 1276 2685 1340; x_wconf 84' lang='lat' dir='ltr'><strong>tantum</strong></span> <span class='ocrx_word' id='word_1_57' title='bbox 2735 1275 2800 1339; x_wconf 89' lang='lat' dir='ltr'><strong>ei</strong></span> 
     </span>
     <span class='ocr_line' id='line_1_10' title="bbox 437 1364 2798 1452; baseline -0.002 -18"><span class='ocrx_word' id='word_1_58' title='bbox 437 1374 505 1434; x_wconf 91' lang='lat' dir='ltr'><strong>te</strong></span> <span class='ocrx_word' id='word_1_59' title='bbox 548 1366 876 1452; x_wconf 87' lang='lat' dir='ltr'><strong>praesidii,</strong></span> <span class='ocrx_word' id='word_1_60' title='bbox 922 1369 1177 1431; x_wconf 87' lang='lat' dir='ltr'><strong>tantum</strong></span> <span class='ocrx_word' id='word_1_61' title='bbox 1223 1368 1367 1451; x_wconf 91' lang='lat' dir='ltr'><strong>opis</strong></span> <span class='ocrx_word' id='word_1_62' title='bbox 1415 1368 1719 1433; x_wconf 90' lang='lat' dir='ltr'><strong>attulisse</strong></span> <span class='ocrx_word' id='word_1_63' title='bbox 1756 1367 2061 1431; x_wconf 77' lang='lat' dir='ltr'><strong>extremis</strong></span> <span class='ocrx_word' id='word_1_64' title='bbox 2107 1386 2311 1449; x_wconf 89' lang='lat' dir='ltr'><strong>paene</strong></span> <span class='ocrx_word' id='word_1_65' title='bbox 2356 1364 2798 1447; x_wconf 86' lang='lat' dir='ltr'><strong>temporibus,</strong></span> 
     </span>
     <span class='ocr_line' id='line_1_11' title="bbox 436 1453 2799 1540; baseline -0.002 -18"><span class='ocrx_word' id='word_1_66' title='bbox 436 1460 659 1522; x_wconf 85' lang='lat' dir='ltr'><strong>tamen</strong></span> <span class='ocrx_word' id='word_1_67' title='bbox 711 1456 806 1520; x_wconf 92' lang='lat' dir='ltr'><strong>ita</strong></span> <span class='ocrx_word' id='word_1_68' title='bbox 860 1459 926 1519; x_wconf 92' lang='lat' dir='ltr'><strong>te</strong></span> <span class='ocrx_word' id='word_1_69' title='bbox 981 1455 1292 1519; x_wconf 86' lang='lat' dir='ltr'><strong>victorem</strong></span> <span class='ocrx_word' id='word_1_70' title='bbox 1349 1457 1748 1540; x_wconf 87' lang='lat' dir='ltr'><strong>complectar</strong></span> <span class='ocrx_word' id='word_1_71' title='bbox 1811 1477 1881 1520; x_wconf 91' lang='lat' dir='ltr'><strong>re</strong></span> <span class='ocrx_word' id='word_1_72' title='bbox 1944 1454 2205 1539; x_wconf 90' lang='lat' dir='ltr'><strong>publica</strong></span> <span class='ocrx_word' id='word_1_73' title='bbox 2256 1453 2646 1536; x_wconf 87' lang='lat' dir='ltr'><strong>reciperata,</strong></span> <span class='ocrx_word' id='word_1_74' title='bbox 2722 1459 2799 1517; x_wconf 89' lang='lat' dir='ltr'><strong>ut</strong></span> 
     </span>
     <span class='ocr_line' id='line_1_12' title="bbox 437 1541 2799 1629; baseline -0.002 -19"><span class='ocrx_word' id='word_1_75' title='bbox 437 1565 745 1629; x_wconf 87' lang='lat' dir='ltr'><strong>magnam</strong></span> <span class='ocrx_word' id='word_1_76' title='bbox 801 1546 1060 1629; x_wconf 89' lang='lat' dir='ltr'><strong>partem</strong></span> <span class='ocrx_word' id='word_1_77' title='bbox 1114 1543 1278 1608; x_wconf 88' lang='lat' dir='ltr'><strong>mihi</strong></span> <span class='ocrx_word' id='word_1_78' title='bbox 1330 1545 1619 1610; x_wconf 84' lang='lat' dir='ltr'><strong>laetitiae</strong></span> <span class='ocrx_word' id='word_1_79' title='bbox 1665 1548 1783 1609; x_wconf 89' lang='lat' dir='ltr'><strong>tua</strong></span> <span class='ocrx_word' id='word_1_80' title='bbox 1829 1544 2113 1628; x_wconf 77' lang='lat' dir='ltr'><strong>dignitas</strong></span> <span class='ocrx_word' id='word_1_81' title='bbox 2172 1541 2408 1624; x_wconf 84' lang='lat' dir='ltr'><strong>adfert,</strong></span> <span class='ocrx_word' id='word_1_82' title='bbox 2467 1563 2660 1626; x_wconf 90' lang='lat' dir='ltr'><strong>quam</strong></span> <span class='ocrx_word' id='word_1_83' title='bbox 2731 1546 2799 1606; x_wconf 89' lang='lat' dir='ltr'><strong>et</strong></span> 
     </span>
     <span class='ocr_line' id='line_1_13' title="bbox 438 1628 2795 1716; baseline -0.002 -17"><span class='ocrx_word' id='word_1_84' title='bbox 438 1656 573 1699; x_wconf 90' lang='lat' dir='ltr'><strong>esse</strong></span> <span class='ocrx_word' id='word_1_85' title='bbox 617 1634 752 1698; x_wconf 90' lang='lat' dir='ltr'><strong>iam</strong></span> <span class='ocrx_word' id='word_1_86' title='bbox 799 1640 865 1698; x_wconf 89' lang='lat' dir='ltr'><strong>et</strong></span> <span class='ocrx_word' id='word_1_87' title='bbox 907 1633 1196 1697; x_wconf 88' lang='lat' dir='ltr'><strong>futuram</strong></span> <span class='ocrx_word' id='word_1_88' title='bbox 1245 1633 1718 1716; x_wconf 81' lang='lat' dir='ltr'><strong>amplissimam</strong></span> <span class='ocrx_word' id='word_1_89' title='bbox 1762 1633 2095 1715; x_wconf 74' lang='lat' dir='ltr'><strong>intellego.</strong></span> <span class='ocrx_word' id='word_1_90' title='bbox 2170 1628 2341 1697; x_wconf 84' lang='lat' dir='ltr'><strong>Cave</strong></span> <span class='ocrx_word' id='word_1_91' title='bbox 2379 1630 2555 1695; x_wconf 90' lang='lat' dir='ltr'><strong>enim</strong></span> <span class='ocrx_word' id='word_1_92' title='bbox 2592 1636 2795 1713; x_wconf 86' lang='lat' dir='ltr'><strong>putes</strong></span> 
     </span>
     <span class='ocr_line' id='line_1_14' title="bbox 436 1721 2799 1807; baseline -0.002 -18"><span class='ocrx_word' id='word_1_93' title='bbox 436 1724 606 1790; x_wconf 88' lang='lat' dir='ltr'><strong>ullas</strong></span> <span class='ocrx_word' id='word_1_94' title='bbox 653 1744 938 1807; x_wconf 89' lang='lat' dir='ltr'><strong>unquam</strong></span> <span class='ocrx_word' id='word_1_95' title='bbox 983 1721 1241 1787; x_wconf 73' lang='lat' dir='ltr'><strong>litteras</strong></span> <span class='ocrx_word' id='word_1_96' title='bbox 1288 1723 1611 1807; x_wconf 83' lang='lat' dir='ltr'><strong>gratiores</strong></span> <span class='ocrx_word' id='word_1_97' title='bbox 1660 1743 1853 1807; x_wconf 88' lang='lat' dir='ltr'><strong>quam</strong></span> <span class='ocrx_word' id='word_1_98' title='bbox 1888 1725 2036 1785; x_wconf 90' lang='lat' dir='ltr'><strong>tuas</strong></span> <span class='ocrx_word' id='word_1_99' title='bbox 2074 1721 2144 1783; x_wconf 90' lang='lat' dir='ltr'><strong>in</strong></span> <span class='ocrx_word' id='word_1_100' title='bbox 2179 1721 2406 1784; x_wconf 89' lang='lat' dir='ltr'><strong>senatu</strong></span> <span class='ocrx_word' id='word_1_101' title='bbox 2445 1740 2589 1783; x_wconf 91' lang='lat' dir='ltr'><strong>esse</strong></span> <span class='ocrx_word' id='word_1_102' title='bbox 2626 1721 2799 1785; x_wconf 78' lang='lat' dir='ltr'><strong>reci·</strong></span> 
     </span>
     <span class='ocr_line' id='line_1_15' title="bbox 436 1807 2795 1895; baseline -0.002 -18"><span class='ocrx_word' id='word_1_103' title='bbox 436 1816 638 1894; x_wconf 83' lang='lat' dir='ltr'><strong>tatas3</strong></span> <span class='ocrx_word' id='word_1_104' title='bbox 683 1810 877 1895; x_wconf 89' lang='lat' dir='ltr'><strong>idque</strong></span> <span class='ocrx_word' id='word_1_105' title='bbox 922 1809 1201 1895; x_wconf 90' lang='lat' dir='ltr'><strong>contigit</strong></span> <span class='ocrx_word' id='word_1_106' title='bbox 1246 1832 1392 1875; x_wconf 90' lang='lat' dir='ltr'><strong>cum</strong></span> <span class='ocrx_word' id='word_1_107' title='bbox 1438 1812 1821 1875; x_wconf 88' lang='lat' dir='ltr'><strong>meritorum</strong></span> <span class='ocrx_word' id='word_1_108' title='bbox 1868 1813 2128 1875; x_wconf 91' lang='lat' dir='ltr'><strong>tuorum</strong></span> <span class='ocrx_word' id='word_1_109' title='bbox 2172 1808 2243 1872; x_wconf 91' lang='lat' dir='ltr'><strong>in</strong></span> <span class='ocrx_word' id='word_1_110' title='bbox 2278 1829 2416 1871; x_wconf 92' lang='lat' dir='ltr'><strong>rem</strong></span> <span class='ocrx_word' id='word_1_111' title='bbox 2451 1807 2795 1892; x_wconf 80' lang='lat' dir='ltr'><strong>publicam</strong></span> 
     </span>
     <span class='ocr_line' id='line_1_16' title="bbox 438 1896 2793 1984; baseline -0.001 -18"><span class='ocrx_word' id='word_1_112' title='bbox 438 1901 675 1966; x_wconf 86' lang='lat' dir='ltr'><strong>eximia</strong></span> <span class='ocrx_word' id='word_1_113' title='bbox 730 1899 1006 1984; x_wconf 89' lang='lat' dir='ltr'><strong>quadam</strong></span> <span class='ocrx_word' id='word_1_114' title='bbox 1061 1898 1536 1984; x_wconf 85' lang='lat' dir='ltr'><strong>magnitudine,</strong></span> <span class='ocrx_word' id='word_1_115' title='bbox 1588 1905 1729 1963; x_wconf 91' lang='lat' dir='ltr'><strong>tum</strong></span> <span class='ocrx_word' id='word_1_116' title='bbox 1785 1899 2127 1963; x_wconf 84' lang='lat' dir='ltr'><strong>verborum</strong></span> <span class='ocrx_word' id='word_1_117' title='bbox 2184 1896 2793 1981; x_wconf 84' lang='lat' dir='ltr'><strong>sententiarumque</strong></span> 
     </span>
     <span class='ocr_line' id='line_1_17' title="bbox 438 1986 2795 2075; baseline -0.003 -20"><span class='ocrx_word' id='word_1_118' title='bbox 438 1990 780 2075; x_wconf 80' lang='lat' dir='ltr'><strong>gravitate.</strong></span> <span class='ocrx_word' id='word_1_119' title='bbox 845 1986 1031 2063; x_wconf 85' lang='lat' dir='ltr'><strong>Quod</strong></span> <span class='ocrx_word' id='word_1_120' title='bbox 1067 1988 1229 2052; x_wconf 88' lang='lat' dir='ltr'><strong>mihi</strong></span> <span class='ocrx_word' id='word_1_121' title='bbox 1265 1988 1525 2073; x_wconf 88' lang='lat' dir='ltr'><strong>quidem</strong></span> <span class='ocrx_word' id='word_1_122' title='bbox 1561 1988 1828 2052; x_wconf 89' lang='lat' dir='ltr'><strong>minime</strong></span> <span class='ocrx_word' id='word_1_123' title='bbox 1865 2008 2122 2069; x_wconf 82' lang='lat' dir='ltr'><strong>novum,</strong></span> <span class='ocrx_word' id='word_1_124' title='bbox 2170 1987 2282 2070; x_wconf 89' lang='lat' dir='ltr'><strong>qui</strong></span> <span class='ocrx_word' id='word_1_125' title='bbox 2318 1988 2385 2048; x_wconf 89' lang='lat' dir='ltr'><strong>et</strong></span> <span class='ocrx_word' id='word_1_126' title='bbox 2418 1988 2484 2048; x_wconf 92' lang='lat' dir='ltr'><strong>te</strong></span> <span class='ocrx_word' id='word_1_127' title='bbox 2519 2006 2795 2049; x_wconf 82' lang='lat' dir='ltr'><strong>nossem</strong></span> 
     </span>
     <span class='ocr_line' id='line_1_18' title="bbox 437 2072 2794 2160; baseline -0.001 -18"><span class='ocrx_word' id='word_1_128' title='bbox 437 2082 503 2142; x_wconf 89' lang='lat' dir='ltr'><strong>et</strong></span> <span class='ocrx_word' id='word_1_129' title='bbox 546 2082 804 2142; x_wconf 83' lang='lat' dir='ltr'><strong>tuarum</strong></span> <span class='ocrx_word' id='word_1_130' title='bbox 859 2077 1220 2141; x_wconf 90' lang='lat' dir='ltr'><strong>litterarum</strong></span> <span class='ocrx_word' id='word_1_131' title='bbox 1277 2076 1358 2142; x_wconf 91' lang='lat' dir='ltr'><strong>ad</strong></span> <span class='ocrx_word' id='word_1_132' title='bbox 1413 2098 1518 2142; x_wconf 92' lang='lat' dir='ltr'><strong>me</strong></span> <span class='ocrx_word' id='word_1_133' title='bbox 1569 2077 1909 2141; x_wconf 89' lang='lat' dir='ltr'><strong>missarum</strong></span> <span class='ocrx_word' id='word_1_134' title='bbox 1963 2075 2286 2160; x_wconf 89' lang='lat' dir='ltr'><strong>promissa</strong></span> <span class='ocrx_word' id='word_1_135' title='bbox 2339 2072 2794 2139; x_wconf 88' lang='lat' dir='ltr'><strong>meminissem</strong></span> 
     </span>
     <span class='ocr_line' id='line_1_19' title="bbox 438 2161 2790 2250; baseline -0.001 -20"><span class='ocrx_word' id='word_1_136' title='bbox 438 2168 504 2230; x_wconf 91' lang='lat' dir='ltr'><strong>et</strong></span> <span class='ocrx_word' id='word_1_137' title='bbox 548 2164 855 2230; x_wconf 88' lang='lat' dir='ltr'><strong>haberem</strong></span> <span class='ocrx_word' id='word_1_138' title='bbox 903 2188 942 2229; x_wconf 92' lang='lat' dir='ltr'><strong>a</strong></span> <span class='ocrx_word' id='word_1_139' title='bbox 985 2163 1224 2230; x_wconf 89' lang='lat' dir='ltr'><strong>Furnio</strong></span> <span class='ocrx_word' id='word_1_140' title='bbox 1270 2170 1501 2231; x_wconf 89' lang='lat' dir='ltr'><strong>nostro</strong></span> <span class='ocrx_word' id='word_1_141' title='bbox 1548 2169 1663 2230; x_wconf 90' lang='lat' dir='ltr'><strong>tua</strong></span> <span class='ocrx_word' id='word_1_142' title='bbox 1708 2164 1964 2250; x_wconf 88' lang='lat' dir='ltr'><strong>penitus</strong></span> <span class='ocrx_word' id='word_1_143' title='bbox 2012 2162 2282 2229; x_wconf 91' lang='lat' dir='ltr'><strong>consilia</strong></span> <span class='ocrx_word' id='word_1_144' title='bbox 2324 2161 2621 2247; x_wconf 82' lang='lat' dir='ltr'><strong>cognita3</strong></span> <span class='ocrx_word' id='word_1_145' title='bbox 2673 2163 2790 2228; x_wconf 88' lang='lat' dir='ltr'><strong>sed</strong></span> 
     </span>
     <span class='ocr_line' id='line_1_20' title="bbox 437 2254 2789 2339; baseline -0.001 -20"><span class='ocrx_word' id='word_1_146' title='bbox 437 2254 691 2320; x_wconf 91' lang='lat' dir='ltr'><strong>senatui</strong></span> <span class='ocrx_word' id='word_1_147' title='bbox 746 2254 995 2318; x_wconf 90' lang='lat' dir='ltr'><strong>maiora</strong></span> <span class='ocrx_word' id='word_1_148' title='bbox 1048 2254 1189 2318; x_wconf 81' lang='lat' dir='ltr'><strong>visa</strong></span> <span class='ocrx_word' id='word_1_149' title='bbox 1243 2258 1420 2338; x_wconf 90' lang='lat' dir='ltr'><strong>sunt,</strong></span> <span class='ocrx_word' id='word_1_150' title='bbox 1485 2276 1680 2339; x_wconf 88' lang='lat' dir='ltr'><strong>quam</strong></span> <span class='ocrx_word' id='word_1_151' title='bbox 1746 2257 1932 2319; x_wconf 87' lang='lat' dir='ltr'><strong>erant</strong></span> <span class='ocrx_word' id='word_1_152' title='bbox 1996 2254 2396 2336; x_wconf 81' lang='lat' dir='ltr'><strong>exspectata3</strong></span> <span class='ocrx_word' id='word_1_153' title='bbox 2457 2271 2593 2315; x_wconf 91' lang='lat' dir='ltr'><strong>non</strong></span> <span class='ocrx_word' id='word_1_154' title='bbox 2656 2273 2789 2336; x_wconf 91' lang='lat' dir='ltr'><strong>quo</strong></span> 
     </span>
     <span class='ocr_line' id='line_1_21' title="bbox 434 2338 2788 2429; baseline -0.002 -20"><span class='ocrx_word' id='word_1_155' title='bbox 434 2365 721 2429; x_wconf 91' lang='lat' dir='ltr'><strong>unquam</strong></span> <span class='ocrx_word' id='word_1_156' title='bbox 769 2343 846 2407; x_wconf 92' lang='lat' dir='ltr'><strong>de</strong></span> <span class='ocrx_word' id='word_1_157' title='bbox 892 2347 1005 2406; x_wconf 90' lang='lat' dir='ltr'><strong>tua</strong></span> <span class='ocrx_word' id='word_1_158' title='bbox 1050 2342 1386 2408; x_wconf 86' lang='lat' dir='ltr'><strong>voluntate</strong></span> <span class='ocrx_word' id='word_1_159' title='bbox 1433 2344 1823 2426; x_wconf 87' lang='lat' dir='ltr'><strong>dubitasset,</strong></span> <span class='ocrx_word' id='word_1_160' title='bbox 1869 2341 1981 2406; x_wconf 91' lang='lat' dir='ltr'><strong>sed</strong></span> <span class='ocrx_word' id='word_1_161' title='bbox 2026 2362 2159 2424; x_wconf 90' lang='lat' dir='ltr'><strong>nec,</strong></span> <span class='ocrx_word' id='word_1_162' title='bbox 2205 2343 2520 2424; x_wconf 89' lang='lat' dir='ltr'><strong>quantum</strong></span> <span class='ocrx_word' id='word_1_163' title='bbox 2565 2338 2788 2405; x_wconf 87' lang='lat' dir='ltr'><strong>facere</strong></span> 
     </span>
     <span class='ocr_line' id='line_1_22' title="bbox 437 2427 2788 2517; baseline -0.001 -20"><span class='ocrx_word' id='word_1_164' title='bbox 437 2453 691 2517; x_wconf 91' lang='lat' dir='ltr'><strong>posses,</strong></span> <span class='ocrx_word' id='word_1_165' title='bbox 737 2454 882 2515; x_wconf 89' lang='lat' dir='ltr'><strong>nec,</strong></span> <span class='ocrx_word' id='word_1_166' title='bbox 929 2431 1139 2516; x_wconf 89' lang='lat' dir='ltr'><strong>quoad</strong></span> <span class='ocrx_word' id='word_1_167' title='bbox 1184 2433 1490 2517; x_wconf 88' lang='lat' dir='ltr'><strong>progredi</strong></span> <span class='ocrx_word' id='word_1_168' title='bbox 1535 2433 1761 2515; x_wconf 87' lang='lat' dir='ltr'><strong>velles,</strong></span> <span class='ocrx_word' id='word_1_169' title='bbox 1816 2432 2224 2513; x_wconf 84' lang='lat' dir='ltr'><strong>exploratum</strong></span> <span class='ocrx_word' id='word_1_170' title='bbox 2271 2427 2433 2493; x_wconf 89' lang='lat' dir='ltr'><strong>satis</strong></span> <span class='ocrx_word' id='word_1_171' title='bbox 2477 2427 2788 2495; x_wconf 88' lang='lat' dir='ltr'><strong>habebat.</strong></span> 
     </span>
    </p>

    <p class='ocr_par' dir='ltr' id='par_1_6' title="bbox 433 2516 2789 3314">
     <span class='ocr_line' id='line_1_23' title="bbox 615 2516 2788 2606; baseline -0.001 -21"><span class='ocrx_word' id='word_1_172' title='bbox 615 2520 872 2606; x_wconf 88' lang='lat' dir='ltr'><strong>Itaque,</strong></span> <span class='ocrx_word' id='word_1_173' title='bbox 929 2542 1073 2585; x_wconf 90' lang='lat' dir='ltr'><strong>cum</strong></span> <span class='ocrx_word' id='word_1_174' title='bbox 1131 2542 1185 2585; x_wconf 90' lang='lat' dir='ltr'><strong>a.</strong></span> <span class='ocrx_word' id='word_1_175' title='bbox 1233 2520 1292 2586; x_wconf 89' lang='lat' dir='ltr'><strong>d.</strong></span> <span class='ocrx_word' id='word_1_176' title='bbox 1337 2539 1458 2585; x_wconf 82' lang='lat' dir='ltr'><strong>vll.</strong></span> <span class='ocrx_word' id='word_1_177' title='bbox 1505 2520 1660 2585; x_wconf 88' lang='lat' dir='ltr'><strong>Idus</strong></span> <span class='ocrx_word' id='word_1_178' title='bbox 1704 2519 1966 2603; x_wconf 88' lang='lat' dir='ltr'><strong>Apriles</strong></span> <span class='ocrx_word' id='word_1_179' title='bbox 2022 2540 2212 2582; x_wconf 92' lang='lat' dir='ltr'><strong>mane</strong></span> <span class='ocrx_word' id='word_1_180' title='bbox 2266 2516 2429 2581; x_wconf 89' lang='lat' dir='ltr'><strong>mihi</strong></span> <span class='ocrx_word' id='word_1_181' title='bbox 2484 2520 2633 2581; x_wconf 90' lang='lat' dir='ltr'><strong>tuas</strong></span> <span class='ocrx_word' id='word_1_182' title='bbox 2678 2518 2788 2582; x_wconf 89' lang='lat' dir='ltr'><strong>lit-</strong></span> 
     </span>
     <span class='ocr_line' id='line_1_24' title="bbox 436 2604 2787 2694; baseline -0.002 -19"><span class='ocrx_word' id='word_1_183' title='bbox 436 2614 611 2675; x_wconf 91' lang='lat' dir='ltr'><strong>teras</strong></span> <span class='ocrx_word' id='word_1_184' title='bbox 675 2608 760 2674; x_wconf 92' lang='lat' dir='ltr'><strong>M.</strong></span> <span class='ocrx_word' id='word_1_185' title='bbox 823 2608 1182 2674; x_wconf 87' lang='lat' dir='ltr'><strong>Varisidius</strong></span> <span class='ocrx_word' id='word_1_186' title='bbox 1246 2609 1631 2674; x_wconf 89' lang='lat' dir='ltr'><strong>reddidisset</strong></span> <span class='ocrx_word' id='word_1_187' title='bbox 1703 2629 1940 2694; x_wconf 84' lang='lat' dir='ltr'><strong>easque</strong></span> <span class='ocrx_word' id='word_1_188' title='bbox 2012 2607 2344 2691; x_wconf 86' lang='lat' dir='ltr'><strong>legissem,</strong></span> <span class='ocrx_word' id='word_1_189' title='bbox 2412 2604 2787 2672; x_wconf 80' lang='lat' dir='ltr'><strong>incredibili</strong></span> 
     </span>
     <span class='ocr_line' id='line_1_25' title="bbox 442 2696 2789 2784; baseline -0.002 -19"><span class='ocrx_word' id='word_1_190' title='bbox 442 2699 678 2784; x_wconf 90' lang='lat' dir='ltr'><strong>gaudio</strong></span> <span class='ocrx_word' id='word_1_191' title='bbox 727 2720 868 2763; x_wconf 92' lang='lat' dir='ltr'><strong>sum</strong></span> <span class='ocrx_word' id='word_1_192' title='bbox 916 2696 1145 2782; x_wconf 66' lang='lat' dir='ltr'><strong>elatuS,</strong></span> <span class='ocrx_word' id='word_1_193' title='bbox 1190 2718 1464 2781; x_wconf 87' lang='lat' dir='ltr'><strong>cumque</strong></span> <span class='ocrx_word' id='word_1_194' title='bbox 1513 2718 1750 2782; x_wconf 92' lang='lat' dir='ltr'><strong>magna</strong></span> <span class='ocrx_word' id='word_1_195' title='bbox 1797 2696 2145 2761; x_wconf 89' lang='lat' dir='ltr'><strong>multitudo</strong></span> <span class='ocrx_word' id='word_1_196' title='bbox 2183 2696 2577 2778; x_wconf 90' lang='lat' dir='ltr'><strong>optimorum</strong></span> <span class='ocrx_word' id='word_1_197' title='bbox 2614 2696 2789 2761; x_wconf 82' lang='lat' dir='ltr'><strong>viro-</strong></span> 
     </span>
     <span class='ocr_line' id='line_1_26' title="bbox 433 2783 2785 2864; baseline -0.002 -12"><span class='ocrx_word' id='word_1_198' title='bbox 433 2811 575 2852; x_wconf 86' lang='lat' dir='ltr'><strong>rum</strong></span> <span class='ocrx_word' id='word_1_199' title='bbox 634 2791 698 2851; x_wconf 91' lang='lat' dir='ltr'><strong>et</strong></span> <span class='ocrx_word' id='word_1_200' title='bbox 752 2786 988 2850; x_wconf 86' lang='lat' dir='ltr'><strong>civium</strong></span> <span class='ocrx_word' id='word_1_201' title='bbox 1040 2807 1144 2850; x_wconf 92' lang='lat' dir='ltr'><strong>me</strong></span> <span class='ocrx_word' id='word_1_202' title='bbox 1200 2784 1280 2850; x_wconf 91' lang='lat' dir='ltr'><strong>de</strong></span> <span class='ocrx_word' id='word_1_203' title='bbox 1334 2786 1526 2851; x_wconf 93' lang='lat' dir='ltr'><strong>domo</strong></span> <span class='ocrx_word' id='word_1_204' title='bbox 1582 2785 1950 2864; x_wconf 85' lang='lat' dir='ltr'><strong>deduceret,</strong></span> <span class='ocrx_word' id='word_1_205' title='bbox 2006 2784 2132 2849; x_wconf 87' lang='lat' dir='ltr'><strong>feci</strong></span> <span class='ocrx_word' id='word_1_206' title='bbox 2188 2783 2496 2848; x_wconf 89' lang='lat' dir='ltr'><strong>continuo</strong></span> <span class='ocrx_word' id='word_1_207' title='bbox 2556 2805 2785 2849; x_wconf 89' lang='lat' dir='ltr'><strong>omnes</strong></span> 
     </span>
     <span class='ocr_line' id='line_1_27' title="bbox 434 2870 2783 2959; baseline -0.001 -20"><span class='ocrx_word' id='word_1_208' title='bbox 434 2875 786 2959; x_wconf 90' lang='lat' dir='ltr'><strong>participes</strong></span> <span class='ocrx_word' id='word_1_209' title='bbox 851 2896 1030 2939; x_wconf 86' lang='lat' dir='ltr'><strong>meac</strong></span> <span class='ocrx_word' id='word_1_210' title='bbox 1093 2874 1470 2957; x_wconf 87' lang='lat' dir='ltr'><strong>voluptatis.</strong></span> <span class='ocrx_word' id='word_1_211' title='bbox 1569 2872 1841 2939; x_wconf 92' lang='lat' dir='ltr'><strong>Interim</strong></span> <span class='ocrx_word' id='word_1_212' title='bbox 1905 2873 1988 2939; x_wconf 91' lang='lat' dir='ltr'><strong>ad</strong></span> <span class='ocrx_word' id='word_1_213' title='bbox 2052 2895 2155 2937; x_wconf 89' lang='lat' dir='ltr'><strong>me</strong></span> <span class='ocrx_word' id='word_1_214' title='bbox 2209 2873 2388 2937; x_wconf 87' lang='lat' dir='ltr'><strong>venit</strong></span> <span class='ocrx_word' id='word_1_215' title='bbox 2442 2870 2783 2937; x_wconf 86' lang='lat' dir='ltr'><strong>Munatius</strong></span> 
     </span>
     <span class='ocr_line' id='line_1_28' title="bbox 433 2960 2783 3048; baseline -0.001 -20"><span class='ocrx_word' id='word_1_216' title='bbox 433 2966 685 3045; x_wconf 90' lang='lat' dir='ltr'><strong>noster,</strong></span> <span class='ocrx_word' id='word_1_217' title='bbox 730 2965 804 3027; x_wconf 91' lang='lat' dir='ltr'><strong>ut</strong></span> <span class='ocrx_word' id='word_1_218' title='bbox 849 2968 1218 3029; x_wconf 87' lang='lat' dir='ltr'><strong>consuerat:</strong></span> <span class='ocrx_word' id='word_1_219' title='bbox 1271 2965 1390 3044; x_wconf 93' lang='lat' dir='ltr'><strong>[at]</strong></span> <span class='ocrx_word' id='word_1_220' title='bbox 1440 2984 1561 3048; x_wconf 87' lang='lat' dir='ltr'><strong>ego</strong></span> <span class='ocrx_word' id='word_1_221' title='bbox 1608 2962 1669 3026; x_wconf 94' lang='lat' dir='ltr'><strong>ei</strong></span> <span class='ocrx_word' id='word_1_222' title='bbox 1713 2963 1968 3028; x_wconf 88' lang='lat' dir='ltr'><strong>litteras</strong></span> <span class='ocrx_word' id='word_1_223' title='bbox 2014 2967 2191 3046; x_wconf 90' lang='lat' dir='ltr'><strong>tuas,</strong></span> <span class='ocrx_word' id='word_1_224' title='bbox 2235 2960 2562 3025; x_wconf 90' lang='lat' dir='ltr'><strong>nihildum</strong></span> <span class='ocrx_word' id='word_1_225' title='bbox 2610 2963 2783 3026; x_wconf 88' lang='lat' dir='ltr'><strong>enim</strong></span> 
     </span>
     <span class='ocr_line' id='line_1_29' title="bbox 438 3049 2785 3135; baseline -0 -20"><span class='ocrx_word' id='word_1_226' title='bbox 438 3051 712 3134; x_wconf 80' lang='lat' dir='ltr'><strong>sciebat3</strong></span> <span class='ocrx_word' id='word_1_227' title='bbox 757 3073 911 3115; x_wconf 89' lang='lat' dir='ltr'><strong>nam</strong></span> <span class='ocrx_word' id='word_1_228' title='bbox 959 3053 1040 3116; x_wconf 90' lang='lat' dir='ltr'><strong>ad</strong></span> <span class='ocrx_word' id='word_1_229' title='bbox 1087 3073 1188 3114; x_wconf 91' lang='lat' dir='ltr'><strong>me</strong></span> <span class='ocrx_word' id='word_1_230' title='bbox 1234 3052 1517 3135; x_wconf 90' lang='lat' dir='ltr'><strong>primum</strong></span> <span class='ocrx_word' id='word_1_231' title='bbox 1564 3050 1946 3135; x_wconf 90' lang='lat' dir='ltr'><strong>Varisidius,</strong></span> <span class='ocrx_word' id='word_1_232' title='bbox 1991 3051 2180 3134; x_wconf 88' lang='lat' dir='ltr'><strong>idque</strong></span> <span class='ocrx_word' id='word_1_233' title='bbox 2228 3049 2352 3113; x_wconf 90' lang='lat' dir='ltr'><strong>sibi</strong></span> <span class='ocrx_word' id='word_1_234' title='bbox 2399 3071 2439 3113; x_wconf 91' lang='lat' dir='ltr'><strong>a</strong></span> <span class='ocrx_word' id='word_1_235' title='bbox 2484 3052 2551 3112; x_wconf 91' lang='lat' dir='ltr'><strong>te</strong></span> <span class='ocrx_word' id='word_1_236' title='bbox 2601 3072 2785 3114; x_wconf 91' lang='lat' dir='ltr'><strong>man-</strong></span> 
     </span>
     <span class='ocr_line' id='line_1_30' title="bbox 437 3138 2781 3224; baseline -0.001 -20"><span class='ocrx_word' id='word_1_237' title='bbox 437 3140 656 3204; x_wconf 88' lang='lat' dir='ltr'><strong>datum</strong></span> <span class='ocrx_word' id='word_1_238' title='bbox 715 3161 855 3203; x_wconf 90' lang='lat' dir='ltr'><strong>esse</strong></span> <span class='ocrx_word' id='word_1_239' title='bbox 912 3140 1184 3205; x_wconf 89' lang='lat' dir='ltr'><strong>dicebat.</strong></span> <span class='ocrx_word' id='word_1_240' title='bbox 1273 3140 1475 3205; x_wconf 91' lang='lat' dir='ltr'><strong>Paulo</strong></span> <span class='ocrx_word' id='word_1_241' title='bbox 1532 3143 1684 3224; x_wconf 89' lang='lat' dir='ltr'><strong>post</strong></span> <span class='ocrx_word' id='word_1_242' title='bbox 1728 3141 1887 3205; x_wconf 92' lang='lat' dir='ltr'><strong>item</strong></span> <span class='ocrx_word' id='word_1_243' title='bbox 1932 3139 2089 3203; x_wconf 90' lang='lat' dir='ltr'><strong>mihi</strong></span> <span class='ocrx_word' id='word_1_244' title='bbox 2137 3138 2468 3203; x_wconf 87' lang='lat' dir='ltr'><strong>Munatius</strong></span> <span class='ocrx_word' id='word_1_245' title='bbox 2516 3159 2629 3204; x_wconf 90' lang='lat' dir='ltr'><strong>eas</strong></span> <span class='ocrx_word' id='word_1_246' title='bbox 2677 3141 2781 3203; x_wconf 85' lang='lat' dir='ltr'><strong>lit-</strong></span> 
     </span>
     <span class='ocr_line' id='line_1_31' title="bbox 435 3228 2781 3314; baseline 0 -22"><span class='ocrx_word' id='word_1_247' title='bbox 435 3233 610 3293; x_wconf 89' lang='lat' dir='ltr'><strong>teras</strong></span> <span class='ocrx_word' id='word_1_248' title='bbox 654 3228 962 3314; x_wconf 89' lang='lat' dir='ltr'><strong>legendas</strong></span> <span class='ocrx_word' id='word_1_249' title='bbox 1009 3228 1210 3311; x_wconf 88' lang='lat' dir='ltr'><strong>dedit,</strong></span> <span class='ocrx_word' id='word_1_250' title='bbox 1269 3251 1428 3313; x_wconf 90' lang='lat' dir='ltr'><strong>quas</strong></span> <span class='ocrx_word' id='word_1_251' title='bbox 1474 3229 1603 3314; x_wconf 89' lang='lat' dir='ltr'><strong>ipsi</strong></span> <span class='ocrx_word' id='word_1_252' title='bbox 1647 3230 1943 3309; x_wconf 89' lang='lat' dir='ltr'><strong>miseras,</strong></span> <span class='ocrx_word' id='word_1_253' title='bbox 2000 3232 2066 3292; x_wconf 86' lang='lat' dir='ltr'><strong>et</strong></span> <span class='ocrx_word' id='word_1_254' title='bbox 2113 3249 2247 3310; x_wconf 85' lang='lat' dir='ltr'><strong>eas,</strong></span> <span class='ocrx_word' id='word_1_255' title='bbox 2298 3248 2459 3311; x_wconf 89' lang='lat' dir='ltr'><strong>quas</strong></span> <span class='ocrx_word' id='word_1_256' title='bbox 2504 3228 2781 3310; x_wconf 90' lang='lat' dir='ltr'><strong>publice.</strong></span> 
     </span>
    </p>
   </div>
   <div class='ocr_carea' id='block_1_6' title="bbox 429 3402 1554 4466">
    <p class='ocr_par' dir='ltr' id='par_1_7' title="bbox 433 3402 1551 3614">
     <span class='ocr_line' id='line_1_32' title="bbox 434 3402 1551 3471; baseline 0.003 -15"><span class='ocrx_word' id='word_1_257' title='bbox 434 3402 698 3458; x_wconf 88' lang='lat' dir='ltr'><strong>Wechsel</strong></span> <span class='ocrx_word' id='word_1_258' title='bbox 734 3404 833 3457; x_wconf 88' lang='lat' dir='ltr'><strong>des</strong></span> <span class='ocrx_word' id='word_1_259' title='bbox 870 3403 1165 3471; x_wconf 84' lang='lat' dir='ltr'><strong>Numerus,</strong></span> <span class='ocrx_word' id='word_1_260' title='bbox 1202 3403 1430 3458; x_wconf 83' lang='lat' dir='ltr'><strong>vorher:</strong></span> <span class='ocrx_word' id='word_1_261' title='bbox 1466 3420 1551 3459; x_wconf 87' lang='lat' dir='ltr'><strong>me</strong></span> 
     </span>
     <span class='ocr_line' id='line_1_33' title="bbox 433 3474 1551 3544; baseline -0.003 -14"><span class='ocrx_word' id='word_1_262' title='bbox 433 3480 861 3530; x_wconf 78' lang='lat' dir='ltr'><strong>consecuturum.</strong></span> <span class='ocrx_word' id='word_1_263' title='bbox 900 3505 967 3515; x_wconf 92' lang='lat'>-</span> <span class='ocrx_word' id='word_1_264' title='bbox 1005 3475 1070 3529; x_wconf 82' lang='lat' dir='ltr'><strong>in</strong></span> <span class='ocrx_word' id='word_1_265' title='bbox 1103 3474 1396 3544; x_wconf 77' lang='lat' dir='ltr'><strong>reliquum]</strong></span> <span class='ocrx_word' id='word_1_266' title='bbox 1438 3474 1551 3528; x_wconf 66' lang='lat' dir='ltr'><strong>‘fiir</strong></span> 
     </span>
     <span class='ocr_line' id='line_1_34' title="bbox 434 3543 1422 3614; baseline -0.002 -14"><span class='ocrx_word' id='word_1_267' title='bbox 434 3546 523 3601; x_wconf 86' lang='lat' dir='ltr'><strong>die</strong></span> <span class='ocrx_word' id='word_1_268' title='bbox 565 3544 859 3609; x_wconf 76' lang='lat' dir='ltr'><strong>Zukunft’3</strong></span> <span class='ocrx_word' id='word_1_269' title='bbox 896 3546 1010 3614; x_wconf 82' lang='lat' dir='ltr'><strong>vgl.</strong></span> <span class='ocrx_word' id='word_1_270' title='bbox 1050 3565 1094 3599; x_wconf 83' lang='lat' dir='ltr'><strong>z.</strong></span> <span class='ocrx_word' id='word_1_271' title='bbox 1132 3543 1172 3598; x_wconf 95' lang='lat' dir='ltr'><strong>I.</strong></span> <span class='ocrx_word' id='word_1_272' title='bbox 1217 3550 1296 3599; x_wconf 85' lang='lat'><strong>18.</strong></span> <span class='ocrx_word' id='word_1_273' title='bbox 1335 3549 1422 3599; x_wconf 81' lang='lat'><strong>43.</strong></span> 
     </span>
    </p>

    <p class='ocr_par' dir='ltr' id='par_1_8' title="bbox 432 3614 1554 3814">
     <span class='ocr_line' id='line_1_35' title="bbox 503 3614 1554 3685; baseline -0.002 -14"><span class='ocrx_word' id='word_1_274' title='bbox 503 3617 680 3671; x_wconf 75' lang='lat' dir='ltr'><strong>Emer.</strong></span> <span class='ocrx_word' id='word_1_275' title='bbox 738 3614 909 3670; x_wconf 88' lang='lat' dir='ltr'>XVII.</span> <span class='ocrx_word' id='word_1_276' title='bbox 964 3619 1106 3685; x_wconf 81' lang='lat'><strong>(711.</strong></span> <span class='ocrx_word' id='word_1_277' title='bbox 1161 3616 1273 3685; x_wconf 78' lang='lat'><strong>43.)</strong></span> <span class='ocrx_word' id='word_1_278' title='bbox 1329 3616 1554 3669; x_wconf 64' lang='lat' dir='ltr'><strong>enth&#39;alt</strong></span> 
     </span>
     <span class='ocr_line' id='line_1_36' title="bbox 433 3685 1550 3756; baseline -0.002 -14"><span class='ocrx_word' id='word_1_279' title='bbox 433 3688 525 3742; x_wconf 87' lang='lat' dir='ltr'><strong>die</strong></span> <span class='ocrx_word' id='word_1_280' title='bbox 560 3686 821 3741; x_wconf 82' lang='lat' dir='ltr'><strong>Antwort</strong></span> <span class='ocrx_word' id='word_1_281' title='bbox 867 3687 967 3741; x_wconf 85' lang='lat' dir='ltr'><strong>auf</strong></span> <span class='ocrx_word' id='word_1_282' title='bbox 999 3686 1106 3741; x_wconf 89' lang='lat' dir='ltr'><strong>den</strong></span> <span class='ocrx_word' id='word_1_283' title='bbox 1143 3685 1550 3756; x_wconf 86' lang='lat' dir='ltr'><strong>vorhergehen-</strong></span> 
     </span>
     <span class='ocr_line' id='line_1_37' title="bbox 432 3756 751 3814; baseline 0 -1"><span class='ocrx_word' id='word_1_284' title='bbox 432 3761 544 3813; x_wconf 86' lang='lat' dir='ltr'><strong>den</strong></span> <span class='ocrx_word' id='word_1_285' title='bbox 582 3756 751 3814; x_wconf 85' lang='lat' dir='ltr'><strong>Brief.</strong></span> 
     </span>
    </p>

    <p class='ocr_par' dir='ltr' id='par_1_9' title="bbox 429 3827 1553 4466">
     <span class='ocr_line' id='line_1_38' title="bbox 507 3827 1553 3902; baseline -0.002 -18"><span class='ocrx_word' id='word_1_286' title='bbox 507 3837 551 3886; x_wconf 90' lang='lat'><strong>1.</strong></span> <span class='ocrx_word' id='word_1_287' title='bbox 608 3830 858 3884; x_wconf 78' lang='lat' dir='ltr'><strong>extremis</strong></span> <span class='ocrx_word' id='word_1_288' title='bbox 909 3829 1259 3902; x_wconf 77' lang='lat' dir='ltr'><strong>temporibus]</strong></span> <span class='ocrx_word' id='word_1_289' title='bbox 1319 3827 1402 3884; x_wconf 82' lang='lat' dir='ltr'><strong>‘in</strong></span> <span class='ocrx_word' id='word_1_290' title='bbox 1453 3830 1553 3884; x_wconf 89' lang='lat' dir='ltr'><strong>der</strong></span> 
     </span>
     <span class='ocr_line' id='line_1_39' title="bbox 430 3898 1553 3972; baseline -0.001 -16"><span class='ocrx_word' id='word_1_291' title='bbox 430 3901 684 3972; x_wconf 73' lang='lat' dir='ltr'><strong>grossten</strong></span> <span class='ocrx_word' id='word_1_292' title='bbox 698 3898 947 3955; x_wconf 86' lang='lat' dir='ltr'><strong>Gefahr’.</strong></span> <span class='ocrx_word' id='word_1_293' title='bbox 970 3930 1039 3940; x_wconf 92' lang='lat'>—</span> <span class='ocrx_word' id='word_1_294' title='bbox 1055 3902 1141 3955; x_wconf 87' lang='lat' dir='ltr'><strong>ita</strong></span> <span class='ocrx_word' id='word_1_295' title='bbox 1162 3941 1173 3953; x_wconf 93' lang='lat'><strong>.</strong></span> <span class='ocrx_word' id='word_1_296' title='bbox 1195 3942 1207 3955; x_wconf 92' lang='lat'>.</span> <span class='ocrx_word' id='word_1_297' title='bbox 1229 3902 1553 3970; x_wconf 79' lang='lat' dir='ltr'><strong>complectar</strong></span> 
     </span>
     <span class='ocr_line' id='line_1_40' title="bbox 429 3970 1548 4043; baseline -0.001 -16"><span class='ocrx_word' id='word_1_298' title='bbox 429 3972 516 4043; x_wconf 78' lang='lat' dir='ltr'><strong>ut]</strong></span> <span class='ocrx_word' id='word_1_299' title='bbox 564 3971 650 4025; x_wconf 83' lang='lat' dir='ltr'><strong>‘so</strong></span> <span class='ocrx_word' id='word_1_300' title='bbox 680 3973 851 4039; x_wconf 85' lang='lat' dir='ltr'><strong>wahr,</strong></span> <span class='ocrx_word' id='word_1_301' title='bbox 890 3972 1026 4038; x_wconf 83' lang='lat' dir='ltr'><strong>ale’3</strong></span> <span class='ocrx_word' id='word_1_302' title='bbox 1065 3989 1106 4026; x_wconf 88' lang='lat' dir='ltr'><strong>s.</strong></span> <span class='ocrx_word' id='word_1_303' title='bbox 1137 3990 1180 4026; x_wconf 87' lang='lat' dir='ltr'><strong>z.</strong></span> <span class='ocrx_word' id='word_1_304' title='bbox 1212 3970 1253 4026; x_wconf 95' lang='lat' dir='ltr'><strong>I.</strong></span> <span class='ocrx_word' id='word_1_305' title='bbox 1285 3978 1370 4026; x_wconf 84' lang='grc'><strong>23.</strong></span> <span class='ocrx_word' id='word_1_306' title='bbox 1402 3979 1448 4026; x_wconf 94' lang='grc'><strong>1.</strong></span> <span class='ocrx_word' id='word_1_307' title='bbox 1482 4003 1548 4011; x_wconf 93' lang='grc'>-</span> 
     </span>
     <span class='ocr_line' id='line_1_41' title="bbox 430 4040 1548 4114; baseline -0.002 -16"><span class='ocrx_word' id='word_1_308' title='bbox 430 4042 696 4114; x_wconf 71' lang='lat' dir='ltr'><strong>quadam]</strong></span> <span class='ocrx_word' id='word_1_309' title='bbox 754 4060 797 4097; x_wconf 83' lang='lat' dir='ltr'><strong>s.</strong></span> <span class='ocrx_word' id='word_1_310' title='bbox 853 4062 898 4097; x_wconf 87' lang='lat' dir='ltr'><strong>z.</strong></span> <span class='ocrx_word' id='word_1_311' title='bbox 943 4040 1012 4095; x_wconf 91' lang='lat' dir='ltr'><strong>II.</strong></span> <span class='ocrx_word' id='word_1_312' title='bbox 1059 4048 1145 4098; x_wconf 90' lang='grc'><strong>22.</strong></span> <span class='ocrx_word' id='word_1_313' title='bbox 1193 4049 1244 4096; x_wconf 89' lang='grc'><strong>2.</strong></span> <span class='ocrx_word' id='word_1_314' title='bbox 1289 4073 1358 4083; x_wconf 90' lang='grc'>-</span> <span class='ocrx_word' id='word_1_315' title='bbox 1403 4044 1548 4098; x_wconf 81' lang='lat' dir='ltr'><strong>verb.</strong></span> 
     </span>
     <span class='ocr_line' id='line_1_42' title="bbox 429 4112 1546 4183; baseline -0.003 -13"><span class='ocrx_word' id='word_1_316' title='bbox 429 4119 654 4170; x_wconf 75' lang='lat' dir='ltr'><strong>sentent.</strong></span> <span class='ocrx_word' id='word_1_317' title='bbox 672 4113 945 4183; x_wconf 72' lang='lat' dir='ltr'><strong>yravitas]</strong></span> <span class='ocrx_word' id='word_1_318' title='bbox 966 4113 1126 4168; x_wconf 87' lang='lat' dir='ltr'><strong>Auoh</strong></span> <span class='ocrx_word' id='word_1_319' title='bbox 1144 4112 1297 4167; x_wconf 88' lang='lat' dir='ltr'><strong>Fam.</strong></span> <span class='ocrx_word' id='word_1_320' title='bbox 1318 4113 1384 4167; x_wconf 90' lang='lat' dir='ltr'><strong>X.</strong></span> <span class='ocrx_word' id='word_1_321' title='bbox 1401 4119 1483 4169; x_wconf 81' lang='grc'><strong>16.</strong></span> <span class='ocrx_word' id='word_1_322' title='bbox 1497 4120 1546 4167; x_wconf 88' lang='grc'><strong>1.</strong></span> 
     </span>
     <span class='ocr_line' id='line_1_43' title="bbox 430 4183 1547 4240; baseline 0 -3"><span class='ocrx_word' id='word_1_323' title='bbox 430 4184 545 4238; x_wconf 85' lang='lat' dir='ltr'><strong>und</strong></span> <span class='ocrx_word' id='word_1_324' title='bbox 599 4184 665 4238; x_wconf 88' lang='lat' dir='ltr'><strong>X.</strong></span> <span class='ocrx_word' id='word_1_325' title='bbox 723 4188 805 4237; x_wconf 88' lang='lat'><strong>19.</strong></span> <span class='ocrx_word' id='word_1_326' title='bbox 855 4189 902 4240; x_wconf 91' lang='lat'><strong>1.</strong></span> <span class='ocrx_word' id='word_1_327' title='bbox 963 4200 1063 4238; x_wconf 88' lang='lat' dir='ltr'><strong>aus</strong></span> <span class='ocrx_word' id='word_1_328' title='bbox 1122 4183 1442 4239; x_wconf 87' lang='lat' dir='ltr'><strong>demselben</strong></span> <span class='ocrx_word' id='word_1_329' title='bbox 1494 4184 1547 4237; x_wconf 88' lang='lat' dir='ltr'><strong>J.</strong></span> 
     </span>
     <span class='ocr_line' id='line_1_44' title="bbox 430 4250 1547 4309; baseline 0.005 -6"><span class='ocrx_word' id='word_1_330' title='bbox 430 4252 623 4305; x_wconf 80' lang='lat' dir='ltr'><strong>n‘ihmt</strong></span> <span class='ocrx_word' id='word_1_331' title='bbox 667 4250 856 4308; x_wconf 85' lang='lat' dir='ltr'><strong>Cicero</strong></span> <span class='ocrx_word' id='word_1_332' title='bbox 904 4271 975 4308; x_wconf 91' lang='lat' dir='ltr'><strong>an</strong></span> <span class='ocrx_word' id='word_1_333' title='bbox 1024 4255 1205 4309; x_wconf 88' lang='lat' dir='ltr'><strong>einem</strong></span> <span class='ocrx_word' id='word_1_334' title='bbox 1251 4254 1547 4309; x_wconf 87' lang='lat' dir='ltr'><strong>offiziellen</strong></span> 
     </span>
     <span class='ocr_line' id='line_1_45' title="bbox 435 4319 1549 4380; baseline 0.007 -8"><span class='ocrx_word' id='word_1_335' title='bbox 435 4319 738 4374; x_wconf 85' lang='lat' dir='ltr'><strong>Schreiben</strong></span> <span class='ocrx_word' id='word_1_336' title='bbox 764 4324 862 4378; x_wconf 85' lang='lat' dir='ltr'><strong>des</strong></span> <span class='ocrx_word' id='word_1_337' title='bbox 882 4324 1120 4379; x_wconf 87' lang='lat' dir='ltr'><strong>Plancus</strong></span> <span class='ocrx_word' id='word_1_338' title='bbox 1147 4325 1237 4380; x_wconf 87' lang='lat' dir='ltr'><strong>die</strong></span> <span class='ocrx_word' id='word_1_339' title='bbox 1264 4326 1549 4380; x_wconf 80' lang='lat' dir='ltr'><strong>verborum</strong></span> 
     </span>
     <span class='ocr_line' id='line_1_46' title="bbox 435 4392 1545 4466; baseline 0.008 -26"><span class='ocrx_word' id='word_1_340' title='bbox 435 4393 569 4441; x_wconf 79' lang='lat' dir='ltr'><strong>sent.</strong></span> <span class='ocrx_word' id='word_1_341' title='bbox 606 4392 864 4457; x_wconf 61' lang='lat' dir='ltr'><strong>‚qv-avitas.</strong></span> <span class='ocrx_word' id='word_1_342' title='bbox 897 4425 961 4434; x_wconf 93' lang='lat'><em>-</em></span> <span class='ocrx_word' id='word_1_343' title='bbox 991 4396 1365 4466; x_wconf 77' lang='lat' dir='ltr'><strong>meminissem]</strong></span> <span class='ocrx_word' id='word_1_344' title='bbox 1405 4395 1545 4450; x_wconf 82' lang='lat' dir='ltr'><strong>viel-</strong></span> 
     </span>
    </p>
   </div>
   <div class='ocr_carea' id='block_1_7' title="bbox 1654 3401 2781 4465">
    <p class='ocr_par' dir='ltr' id='par_1_10' title="bbox 1656 3401 2781 3599">
     <span class='ocr_line' id='line_1_47' title="bbox 1656 3401 2781 3469; baseline -0.002 -11"><span class='ocrx_word' id='word_1_345' title='bbox 1656 3404 1834 3458; x_wconf 87' lang='lat' dir='ltr'><strong>leicht</strong></span> <span class='ocrx_word' id='word_1_346' title='bbox 1882 3401 1989 3456; x_wconf 89' lang='lat' dir='ltr'><strong>mit</strong></span> <span class='ocrx_word' id='word_1_347' title='bbox 2033 3401 2268 3456; x_wconf 84' lang='lat' dir='ltr'><strong>Absicht</strong></span> <span class='ocrx_word' id='word_1_348' title='bbox 2317 3401 2658 3469; x_wconf 85' lang='lat' dir='ltr'><strong>gebraucht,</strong></span> <span class='ocrx_word' id='word_1_349' title='bbox 2707 3403 2781 3456; x_wconf 91' lang='lat' dir='ltr'><strong>da</strong></span> 
     </span>
     <span class='ocr_line' id='line_1_48' title="bbox 1660 3471 2781 3529; baseline -0.003 0"><span class='ocrx_word' id='word_1_350' title='bbox 1660 3474 1852 3529; x_wconf 88' lang='lat' dir='ltr'><strong>Cicero</strong></span> <span class='ocrx_word' id='word_1_351' title='bbox 1914 3474 2022 3527; x_wconf 84' lang='lat' dir='ltr'><strong>seit</strong></span> <span class='ocrx_word' id='word_1_352' title='bbox 2075 3471 2196 3527; x_wconf 90' lang='lat' dir='ltr'><strong>drei</strong></span> <span class='ocrx_word' id='word_1_353' title='bbox 2249 3471 2517 3526; x_wconf 89' lang='lat' dir='ltr'><strong>Monaten</strong></span> <span class='ocrx_word' id='word_1_354' title='bbox 2576 3472 2781 3527; x_wconf 85' lang='lat' dir='ltr'><strong>keinen</strong></span> 
     </span>
     <span class='ocr_line' id='line_1_49' title="bbox 1658 3543 2778 3599; baseline -0.002 0"><span class='ocrx_word' id='word_1_355' title='bbox 1658 3544 1811 3599; x_wconf 79' lang='lat' dir='ltr'><strong>Brief</strong></span> <span class='ocrx_word' id='word_1_356' title='bbox 1856 3561 1966 3599; x_wconf 77' lang='lat' dir='ltr'><strong>von</strong></span> <span class='ocrx_word' id='word_1_357' title='bbox 2010 3545 2251 3598; x_wconf 87' lang='lat' dir='ltr'><strong>Plancus</strong></span> <span class='ocrx_word' id='word_1_358' title='bbox 2298 3543 2554 3597; x_wconf 87' lang='lat' dir='ltr'><strong>erhalten</strong></span> <span class='ocrx_word' id='word_1_359' title='bbox 2600 3543 2778 3599; x_wconf 79' lang='lat' dir='ltr'><strong>hatte.</strong></span> 
     </span>
    </p>

    <p class='ocr_par' dir='ltr' id='par_1_11' title="bbox 1654 3612 2777 4465">
     <span class='ocr_line' id='line_1_50' title="bbox 1731 3612 2777 3685; baseline -0.003 -13"><span class='ocrx_word' id='word_1_360' title='bbox 1731 3622 1781 3672; x_wconf 88' lang='grc'><strong>2.</strong></span> <span class='ocrx_word' id='word_1_361' title='bbox 1829 3613 2149 3685; x_wconf 76' lang='lat' dir='ltr'><strong>Munatius]</strong></span> <span class='ocrx_word' id='word_1_362' title='bbox 2205 3612 2266 3670; x_wconf 87' lang='lat' dir='ltr'><strong>T.</strong></span> <span class='ocrx_word' id='word_1_363' title='bbox 2319 3614 2604 3669; x_wconf 85' lang='lat' dir='ltr'><strong>Munatius</strong></span> <span class='ocrx_word' id='word_1_364' title='bbox 2660 3629 2777 3669; x_wconf 76' lang='lat' dir='ltr'><strong>wat</strong></span> 
     </span>
     <span class='ocr_line' id='line_1_51' title="bbox 1660 3683 2777 3742; baseline -0.002 0"><span class='ocrx_word' id='word_1_365' title='bbox 1660 3688 1753 3742; x_wconf 89' lang='lat' dir='ltr'><strong>ein</strong></span> <span class='ocrx_word' id='word_1_366' title='bbox 1815 3686 2180 3742; x_wconf 87' lang='lat' dir='ltr'><strong>Verwandter</strong></span> <span class='ocrx_word' id='word_1_367' title='bbox 2242 3684 2339 3740; x_wconf 89' lang='lat' dir='ltr'><strong>des</strong></span> <span class='ocrx_word' id='word_1_368' title='bbox 2394 3683 2657 3741; x_wconf 79' lang='lat' dir='ltr'><strong>Plancus.</strong></span> <span class='ocrx_word' id='word_1_369' title='bbox 2710 3716 2777 3726; x_wconf 89' lang='lat'><em>-</em></span> 
     </span>
     <span class='ocr_line' id='line_1_52' title="bbox 1661 3755 2776 3828; baseline -0.002 -14"><span class='ocrx_word' id='word_1_370' title='bbox 1661 3760 1872 3814; x_wconf 80' lang='lat' dir='ltr'><strong>litteras</strong></span> <span class='ocrx_word' id='word_1_371' title='bbox 1897 3757 2046 3828; x_wconf 76' lang='lat' dir='ltr'><strong>tuas]</strong></span> <span class='ocrx_word' id='word_1_372' title='bbox 2085 3773 2158 3811; x_wconf 85' lang='lat' dir='ltr'><strong>sc.</strong></span> <span class='ocrx_word' id='word_1_373' title='bbox 2188 3755 2455 3825; x_wconf 84' lang='lat' dir='ltr'><strong>legendas</strong></span> <span class='ocrx_word' id='word_1_374' title='bbox 2485 3755 2634 3824; x_wconf 86' lang='lat' dir='ltr'><strong>dedi,</strong></span> <span class='ocrx_word' id='word_1_375' title='bbox 2672 3756 2776 3812; x_wconf 77' lang='lat' dir='ltr'><strong>wie</strong></span> 
     </span>
     <span class='ocr_line' id='line_1_53' title="bbox 1659 3826 2776 3966; baseline -0.002 -82"><span class='ocrx_word' id='word_1_376' title='bbox 1659 3828 1914 3953; x_wconf 49' lang='lat' dir='ltr'><strong>{ogleich</strong></span> <span class='ocrx_word' id='word_1_377' title='bbox 1928 3830 2014 3952; x_wconf 57' lang='lat' dir='ltr'><strong>gd</strong></span> <span class='ocrx_word' id='word_1_378' title='bbox 2040 3844 2121 3952; x_wconf 54' lang='lat' dir='ltr'><strong>nise</strong></span> <span class='ocrx_word' id='word_1_379' title='bbox 2159 3826 2475 3966; x_wconf 50' lang='grc' dir='ltr'><strong>ξανίεἰᾱέτιε</strong></span> <span class='ocrx_word' id='word_1_380' title='bbox 2502 3826 2776 3966; x_wconf 53' lang='grc' dir='ltr'><strong>ηιξ-,θωπε-</strong></span> 
     </span>
     <span class='ocr_line' id='line_1_54' title="bbox 1684 3914 2773 3955; baseline -0.001 -1"><span class='ocrx_word' id='word_1_381' title='bbox 1684 3917 1852 3955; x_wconf 84' lang='lat' dir='ltr'><strong>assun</strong></span> <span class='ocrx_word' id='word_1_382' title='bbox 1968 3916 2026 3954; x_wconf 81' lang='lat' dir='ltr'><strong>es</strong></span> <span class='ocrx_word' id='word_1_383' title='bbox 2117 3915 2177 3953; x_wconf 88' lang='lat' dir='ltr'><strong>er</strong></span> <span class='ocrx_word' id='word_1_384' title='bbox 2217 3914 2341 3951; x_wconf 89' lang='lat' dir='ltr'><strong>ums</strong></span> <span class='ocrx_word' id='word_1_385' title='bbox 2405 3915 2565 3953; x_wconf 83' lang='lat' dir='ltr'><strong>vener</strong></span> <span class='ocrx_word' id='word_1_386' title='bbox 2655 3941 2668 3952; x_wconf 92' lang='lat'>.</span> <span class='ocrx_word' id='word_1_387' title='bbox 2708 3929 2773 3939; x_wconf 89' lang='lat'><strong>—</strong></span> 
     </span>
     <span class='ocr_line' id='line_1_55' title="bbox 1656 3968 2773 4042; baseline -0.001 -17"><span class='ocrx_word' id='word_1_388' title='bbox 1656 3971 1807 4042; x_wconf 88' lang='lat' dir='ltr'><strong>item]</strong></span> <span class='ocrx_word' id='word_1_389' title='bbox 1891 3987 1921 4023; x_wconf 94' lang='lat' dir='ltr'><strong>r</strong></span> <span class='ocrx_word' id='word_1_390' title='bbox 1965 3970 2145 4039; x_wconf 81' lang='lat' dir='ltr'><strong>zeigte</strong></span> <span class='ocrx_word' id='word_1_391' title='bbox 2192 3969 2301 4022; x_wconf 91' lang='lat' dir='ltr'><strong>mir</strong></span> <span class='ocrx_word' id='word_1_392' title='bbox 2336 3968 2610 4023; x_wconf 79' lang='lat' dir='ltr'><strong>ebenfalls</strong></span> <span class='ocrx_word' id='word_1_393' title='bbox 2645 3969 2773 4040; x_wconf 83' lang='lat' dir='ltr'><strong>(wie</strong></span> 
     </span>
     <span class='ocr_line' id='line_1_56' title="bbox 1655 4039 2774 4111; baseline -0.002 -15"><span class='ocrx_word' id='word_1_394' title='bbox 1655 4040 1750 4096; x_wconf 87' lang='lat' dir='ltr'><strong>ich</strong></span> <span class='ocrx_word' id='word_1_395' title='bbox 1786 4058 1846 4096; x_wconf 88' lang='lat' dir='ltr'><strong>es</strong></span> <span class='ocrx_word' id='word_1_396' title='bbox 1883 4041 2112 4111; x_wconf 87' lang='lat' dir='ltr'><strong>gethan)</strong></span> <span class='ocrx_word' id='word_1_397' title='bbox 2151 4039 2262 4093; x_wconf 89' lang='lat' dir='ltr'><strong>den</strong></span> <span class='ocrx_word' id='word_1_398' title='bbox 2300 4039 2458 4094; x_wconf 85' lang='lat' dir='ltr'><strong>Brief</strong></span> <span class='ocrx_word' id='word_1_399' title='bbox 2524 4040 2774 4096; x_wconf 82' lang='lat' dir='ltr'><strong>welchen</strong></span> 
     </span>
     <span class='ocr_line' id='line_1_57' title="bbox 1658 4083 2772 4181; baseline -0.002 -13"><span class='ocrx_word' id='word_1_400' title='bbox 1658 4130 1718 4168; x_wconf 89' lang='lat' dir='ltr'><strong>er</strong></span> <span class='ocrx_word' id='word_1_401' title='bbox 1752 4129 1862 4168; x_wconf 80' lang='lat' dir='ltr'><strong>von</strong></span> <span class='ocrx_word' id='word_1_402' title='bbox 1898 4112 1986 4166; x_wconf 86' lang='lat' dir='ltr'><strong>dir</strong></span> <span class='ocrx_word' id='word_1_403' title='bbox 2013 4110 2368 4181; x_wconf 85' lang='lat' dir='ltr'><strong>empfangen.</strong></span> <span class='ocrx_word' id='word_1_404' title='bbox 2423 4083 2563 4165; x_wconf 68' lang='lat' dir='ltr'><strong>viras</strong></span> <span class='ocrx_word' id='word_1_405' title='bbox 2583 4113 2772 4166; x_wconf 72' lang='lat' dir='ltr'><strong>wx’irde</strong></span> 
     </span>
     <span class='ocr_line' id='line_1_58' title="bbox 1654 4182 2770 4254; baseline -0.002 -15"><span class='ocrx_word' id='word_1_406' title='bbox 1654 4184 1796 4239; x_wconf 80' lang='lat' dir='ltr'><strong>idem</strong></span> <span class='ocrx_word' id='word_1_407' title='bbox 1832 4182 2078 4237; x_wconf 77' lang='lat' dir='ltr'><strong>heissen?</strong></span> <span class='ocrx_word' id='word_1_408' title='bbox 2106 4211 2174 4221; x_wconf 89' lang='lat'>—</span> <span class='ocrx_word' id='word_1_409' title='bbox 2203 4198 2343 4251; x_wconf 74' lang='lat' dir='ltr'><strong>quas</strong></span> <span class='ocrx_word' id='word_1_410' title='bbox 2369 4183 2616 4254; x_wconf 76' lang='lat' dir='ltr'><strong>publice]</strong></span> <span class='ocrx_word' id='word_1_411' title='bbox 2654 4183 2770 4237; x_wconf 80' lang='lat' dir='ltr'><strong>also</strong></span> 
     </span>
     <span class='ocr_line' id='line_1_59' title="bbox 1654 4252 2770 4310; baseline -0.002 -2"><span class='ocrx_word' id='word_1_412' title='bbox 1654 4254 1827 4310; x_wconf 87' lang='lat' dir='ltr'><strong>bevor</strong></span> <span class='ocrx_word' id='word_1_413' title='bbox 1865 4252 2152 4308; x_wconf 87' lang='lat' dir='ltr'><strong>dieselben</strong></span> <span class='ocrx_word' id='word_1_414' title='bbox 2177 4252 2258 4306; x_wconf 88' lang='lat' dir='ltr'><strong>im</strong></span> <span class='ocrx_word' id='word_1_415' title='bbox 2288 4253 2492 4308; x_wconf 86' lang='lat' dir='ltr'><strong>Senate</strong></span> <span class='ocrx_word' id='word_1_416' title='bbox 2520 4253 2770 4309; x_wconf 82' lang='lat' dir='ltr'><strong>verlesen</strong></span> 
     </span>
     <span class='ocr_line' id='line_1_60' title="bbox 1654 4322 2771 4395; baseline 0 -16"><span class='ocrx_word' id='word_1_417' title='bbox 1654 4328 1899 4380; x_wconf 80' lang='lat' dir='ltr'><strong>wurden.</strong></span> <span class='ocrx_word' id='word_1_418' title='bbox 1981 4322 2117 4379; x_wconf 82' lang='lat' dir='ltr'><strong>Dafs</strong></span> <span class='ocrx_word' id='word_1_419' title='bbox 2168 4322 2291 4378; x_wconf 82' lang='lat' dir='ltr'><strong>dies</strong></span> <span class='ocrx_word' id='word_1_420' title='bbox 2346 4324 2532 4379; x_wconf 86' lang='lat' dir='ltr'><strong>nichts</strong></span> <span class='ocrx_word' id='word_1_421' title='bbox 2583 4324 2771 4395; x_wconf 82' lang='lat' dir='ltr'><strong>Unge-</strong></span> 
     </span>
     <span class='ocr_line' id='line_1_61' title="bbox 1654 4393 2769 4465; baseline 0 -15"><span class='ocrx_word' id='word_1_422' title='bbox 1654 4395 1995 4451; x_wconf 69' lang='lat' dir='ltr'><strong>wbhnliches</strong></span> <span class='ocrx_word' id='word_1_423' title='bbox 2030 4410 2163 4463; x_wconf 80' lang='lat' dir='ltr'><strong>war,</strong></span> <span class='ocrx_word' id='word_1_424' title='bbox 2201 4393 2352 4465; x_wconf 82' lang='lat' dir='ltr'><strong>zeigt</strong></span> <span class='ocrx_word' id='word_1_425' title='bbox 2377 4395 2529 4450; x_wconf 88' lang='lat' dir='ltr'><strong>Fam.</strong></span> <span class='ocrx_word' id='word_1_426' title='bbox 2560 4396 2653 4450; x_wconf 91' lang='lat' dir='ltr'><strong>XI.</strong></span> <span class='ocrx_word' id='word_1_427' title='bbox 2688 4401 2769 4463; x_wconf 84' lang='lat'><strong>19,</strong></span> 
     </span>
    </p>
   </div>
   <div class='ocr_carea' id='block_1_8' title="bbox 2966 901 2969 940">
    <p class='ocr_par' dir='ltr' id='par_1_12' title="bbox 2966 901 2969 940">
     <span class='ocr_line' id='line_1_62' title="bbox 2968 901 2969 918; baseline 0 0"><span class='ocrx_word' id='word_1_428' title='bbox 2968 901 2969 918; x_wconf 33' lang='lat'>¹</span> 
     </span>
     <span class='ocr_line' id='line_1_63' title="bbox 2966 923 2969 940; baseline 0 0"><span class='ocrx_word' id='word_1_429' title='bbox 2966 923 2969 940; x_wconf 25' lang='grc' dir='ltr'>Ὗ</span> 
     </span>
    </p>
   </div>
   <div class='ocr_carea' id='block_1_9' title="bbox 2964 1155 2969 1288">
    <p class='ocr_par' dir='ltr' id='par_1_13' title="bbox 2964 1057 2969 1306">
     <span class='ocr_line' id='line_1_64' title="bbox 2964 1155 2969 1288; baseline 0 -198"><span class='ocrx_word' id='word_1_430' title='bbox 2964 1155 2969 1288; x_wconf 43' lang='lat'><strong>⁴</strong></span> 
     </span>
    </p>
   </div>
   <div class='ocr_carea' id='block_1_10' title="bbox 2966 1924 2970 3084">
    <p class='ocr_par' dir='ltr' id='par_1_14' title="bbox 2966 1924 2970 3084">
     <span class='ocr_line' id='line_1_65' title="bbox 2966 1924 2970 3084; baseline 0 0"><span class='ocrx_word' id='word_1_431' title='bbox 2966 1924 2970 3084; x_wconf 95' lang='lat' dir='ltr'><strong> </strong></span> 
     </span>
    </p>
   </div>
  </div>
 </body>
</html>
