3000 4917
324 1354 412 1419 35

430 218 518 280 64
1291 215 1423 271 LIB.
1461 215 1502 270 Ι.
1559 216 1783 272 EPIST.
1826 222 1908 272 18.

427 379 806 463 publicanos
850 378 1003 442 hinc
1048 378 1338 463 intellegi
1384 381 1629 461 potest,
1677 378 1849 461 quod
1896 376 2128 442 Caunii
2173 399 2380 460 nuper
2427 397 2785 460 omnesque

432 490 508 531 ex
554 467 805 546 insulis,
851 488 1014 551 quae
1063 470 1248 530 erant
1293 489 1332 531 a
1379 465 1560 531 Sulla
1606 466 1876 530 Rhodiis
1924 467 2299 546 attributae,
2348 465 2786 549 confugerunt

433 556 515 620 ad
561 559 875 637 senatum,
918 555 1112 619 nobis
1158 559 1234 620 ut
1276 555 1498 638 potius
1544 555 1824 639 vectigal
1863 577 2058 638 quam
2093 554 2367 619 Rhodiis
2405 553 2786 637 penderent.

433 643 642 719 Quare
694 666 933 709 nomen
984 643 1315 727 publicani
1371 665 1581 726 neque
1637 644 1684 707 ii
1731 644 1971 708 debent
2014 644 2304 725 horrere,
2362 643 2474 727 qui
2522 663 2783 725 semper

430 733 780 817 vectigales
843 732 1131 812 fuerunt,
1199 754 1406 816 neque
1469 733 1516 795 ii
1582 732 1944 834 aspernari,
2009 732 2122 816 qui
2183 753 2299 834 per
2365 752 2433 794 se
2497 730 2783 815 pendere

431 821 710 905 vectigal
762 842 894 885 non
938 825 1320 903 potuerunt,
1377 841 1586 903 neque
1631 821 1680 883 ii
1725 841 2048 903 recusare,
2105 822 2216 904 qui
2262 820 2782 902 postulaverunt.

325 912 414 977 34
433 906 640 973 Simul
696 913 762 972 et
816 909 978 973 illud
1026 909 1185 973 Asia
1232 910 1477 993 cogitet
1527 908 1775 972 nullam
1824 910 1907 972 ab
1954 930 2021 972 se
2068 930 2274 992 neque
2321 907 2480 971 belli
2527 909 2783 971 externi

430 1019 639 1081 neque
677 997 1177 1063 domesticarum
1215 997 1681 1062 discordiarum
1719 998 2154 1061 calamitatem
2195 996 2522 1061 afuturam
2558 996 2786 1078 fuisse,

431 1087 488 1151 si
533 1086 655 1150 hoc
701 1085 974 1168 imperio
998 1101 1153 1150 ‘non
1191 1091 1548 1168 teneretur;
1595 1085 1660 1149 id
1702 1088 1920 1149 autem
1957 1085 2299 1168 imperium
2335 1106 2481 1149 eum
2517 1085 2787 1148 retineri

433 1176 572 1239 sine
619 1173 1046 1257 vectigalibus
1093 1174 1276 1238 nullo
1325 1174 1519 1239 modo
1557 1175 1782 1257 possit,
1829 1195 2034 1257 aequo
2074 1174 2292 1238 animo
2331 1176 2519 1257 parte
2558 1173 2788 1255 aliqua

434 1284 697 1327 suorum
734 1262 1060 1325 fructuum
1096 1283 1320 1345 pacem
1361 1263 1486 1326 sibi
1525 1263 1987 1345 sempiternam
2025 1263 2300 1326 redimat
2329 1267 2524 1346 atque
2553 1262 2788 1326 otium.

608 1348 755 1413 XII.
802 1349 986 1424 Quod
1025 1351 1079 1414 si
1125 1372 1327 1435 genus
1374 1351 1591 1433 ipsum
1628 1356 1695 1416 et
1728 1372 1970 1415 nomen
2006 1351 2334 1433 publicani
2369 1371 2505 1414 non
2550 1349 2783 1434 iniquo

377 1475 384 1481 ·
434 1438 651 1504 animo
700 1438 1129 1521 sustinebunt,
1174 1442 1484 1523 poterunt
1529 1440 1610 1503 iis
1659 1439 1928 1504 consilio
1978 1443 2044 1503 et
2088 1440 2431 1522 prudentia
2464 1441 2584 1502 tua
2629 1439 2787 1502 reli-

434 1549 562 1610 qua
597 1526 798 1591 videri
836 1526 1112 1591 mitiora.
1186 1528 1471 1592 Possunt
1506 1528 1576 1591 in
1611 1528 2024 1611 pactionibus
2053 1527 2363 1592 faciendis
2400 1548 2532 1590 non
2570 1526 2790 1610 legem

434 1619 726 1700 spectare
763 1616 1142 1699 censoriam,
1180 1616 1292 1680 sed
1322 1617 1540 1699 potius
1570 1615 2098 1680 commoditatem
2129 1615 2508 1681 conficiendi
2534 1616 2791 1699 negotii

433 1710 499 1768 et
543 1704 992 1768 liberationem
1039 1705 1408 1789 molestiae3
1464 1708 1651 1788 potes
1709 1706 1905 1772 etiam
1960 1711 2034 1769 tu
2081 1704 2146 1767 id
2192 1704 2428 1787 facere,
2485 1704 2656 1787 quod
2714 1708 2787 1767 et

430 1792 643 1858 fecisti
690 1793 950 1876 egregie
995 1797 1061 1856 et
1105 1792 1267 1857 facis
1278 1844 1296 1876 ,
1351 1797 1424 1857 ut
1469 1814 1963 1877 commemores,
2024 1797 2271 1876 quanta
2320 1792 2406 1857 sit
2449 1793 2516 1856 in
2563 1791 2786 1875 publi-

433 1881 610 1945 canis
657 1881 971 1965 dignitas,
1026 1885 1338 1963 q'uantum
1394 1903 1515 1946 nos
1571 1881 1668 1945 illi
1714 1881 1925 1945 ordini
1971 1881 2345 1961 debeamus,
2399 1883 2474 1944 ut
2527 1884 2783 1944 remoto

432 1968 706 2053 imperio
765 1990 840 2032 ac
895 1970 958 2032 vi
1013 1969 1357 2051 potestatis
1413 1975 1479 2033 et
1532 1970 1807 2034 fascium
1864 1970 2243 2052 publicanos
2307 1990 2454 2034 cum
2513 1967 2784 2033 Graecis

435 2058 648 2141 gratia
694 2060 888 2140 atque
937 2059 1321 2123 auctoritate
1359 2060 1713 2143 coniungas
1762 2062 1828 2122 et
1866 2057 1947 2122 ab
1986 2059 2086 2141 iis,
2133 2058 2211 2121 de
2254 2057 2489 2142 quibus
2530 2058 2782 2140 optime

434 2151 506 2208 tu
552 2145 823 2209 meritus
871 2166 938 2209 es
987 2149 1052 2209 et
1089 2148 1199 2230 qui
1236 2147 1359 2211 tibi
1397 2148 1617 2211 omnia
1655 2146 1906 2227 debent,
1951 2145 2075 2210 hoc
2112 2150 2314 2229 petaS‚
2360 2149 2433 2209 ut
2469 2145 2789 2210 facilitate

439 2255 556 2296 sua
610 2254 730 2296 nos
788 2254 928 2296 eam
975 2235 1544 2317 necessitudinem,
1600 2256 1763 2318 quae
1820 2239 1920 2299 est
1971 2234 2161 2298 nobis
2209 2257 2353 2299 cum
2401 2233 2793 2317 publicaniS,

333 2323 418 2388 36
441 2321 733 2387 obtinere
781 2325 847 2385 et
884 2343 1261 2387 conservare
1298 2325 1651 2406 patiantur.

1726 2322 1850 2388 Sed
1891 2323 2044 2407 quid
2082 2344 2203 2407 ego
2242 2327 2307 2386 te
2344 2322 2504 2387 haec
2540 2322 2795 2405 hortor,

442 2432 606 2495 quae
661 2413 735 2473 tu
790 2431 922 2474 non
979 2412 1169 2476 modo
1230 2412 1439 2478 facere
1480 2416 1685 2496 ,potes
1745 2416 1859 2476 tua
1919 2417 2149 2495 sponte
2215 2411 2351 2475 sine
2412 2412 2796 2494 cuiusquam

439 2498 819 2583 praeceptiS,
857 2498 968 2562 sed
1007 2500 1204 2563 etiam
1241 2521 1478 2585 magna
1514 2503 1647 2565 iam
1685 2522 1762 2564 ex
1800 2505 1983 2584 parte
2010 2499 2386 2583 perfecisti?
2424 2498 2575 2564 Non
2615 2500 2796 2564 enim

441 2589 767 2652 desistunt
802 2587 993 2651 nobis
1032 2608 1223 2673 agere
1263 2589 1498 2654 cotidie
1537 2589 1783 2674 gratias
1821 2587 2321 2653 honestissimae
2366 2592 2434 2651 et
2469 2589 2798 2651 maximae

445 2678 818 2758 societates3
866 2674 1036 2758 quod
1085 2677 1343 2761 quidem
1382 2678 1541 2741 mihi
1578 2676 1814 2742 idcirco
1852 2676 2191 2741 iucundius
2236 2680 2352 2759 est,
2400 2676 2571 2759 quod
2618 2676 2797 2740 idem

443 2765 692 2829 faciunt
729 2762 984 2846 Graeci3
1035 2764 1296 2830 difficile
1344 2771 1444 2830 est
1490 2770 1705 2830 autem
1746 2787 1837 2844 ea,
1886 2787 2050 2849 quae
2090 2764 2462 2847 commodis,
2508 2764 2799 2829 utilitate

448 2858 513 2916 et
549 2873 751 2934 prope
788 2854 1022 2914 natura
1060 2852 1314 2918 diversa
1353 2858 1524 2935 sunt,
1562 2854 1897 2918 voluntate
1936 2855 2341 2938 coniungere.
2414 2856 2500 2916 At
2537 2875 2616 2917 ea
2654 2855 2801 2937 qui-

449 3039 630 3147 {egsn
669 3023 869 3076 Zinsen
906 3023 1184 3091 gelichen.
1226 3057 1293 3066 --
1336 3025 1566 3109 Gawnii]

496 3110 673 3147 aunus
702 3109 818 3148 war
846 3094 968 3147 eine
991 3095 1191 3150 Stadt
1176 3113 1236 3149 ιιι
1254 3095 1475 3152 Karien.
1501 3129 1567 3138 —

451 3164 689 3219 Rhodiis
735 3165 1056 3237 attributae]
1104 3183 1200 3220 zur
1235 3167 1569 3238 Belohnung

451 3235 638 3303 dafiir,
687 3234 810 3289 dass
847 3234 1077 3290 Rhodus
1114 3237 1192 3289 im
1230 3237 1570 3292 Mithridati-

450 3305 622 3360 schen
659 3304 864 3376 Kriege
903 3325 969 3360 zu
1006 3306 1149 3361 Rom
1187 3307 1472 3376 gehalten

523 3382 607 3432 35.
655 3376 848 3448 qenus]
879 3377 1208 3447 allgemein:
1239 3377 1342 3432 Die
1375 3378 1569 3448 Sache,

450 3449 836 3516 Einrichtung,
876 3447 1045 3504 naml.
1083 3450 1228 3517 quod
1254 3456 1387 3503 sunt
1413 3451 1575 3504 vecti—

449 3520 614 3590 qales.
652 3550 724 3559 —
761 3520 923 3587 zeyem
970 3521 1269 3573 censoriam
1342 3519 1445 3575 Die
1483 3521 1575 3575 lex

453 3589 707 3645 censoria
751 3588 991 3643 enthielt
1031 3589 1248 3658 jedesm
1346 3591 1436 3646 die
1472 3592 1575 3645 Be-

452 3662 794 3730 dingungen,
832 3660 998 3713 unter
1031 3661 1210 3714 denen
1240 3661 1330 3715 die
1361 3662 1573 3717 Staats-

453 3731 663 3802 gefalle
703 3731 801 3785 auf
837 3731 928 3784 ein
966 3731 1206 3784 lustrum
1242 3734 1576 3802 verpachtet

455 3803 699 3857 wurden.
758 3801 863 3855 Die
892 3800 1283 3857 Provinzialen
1322 3802 1574 3858 konnten

455 3875 589 3928 aber
638 3873 745 3926 mit
799 3873 907 3926 den
964 3871 1189 3942 Staatsp
1193 3874 1425 3928 achtern
1479 3874 1575 3929 be-

457 3945 689 3998 sondere
744 3944 1018 4013 Vertrage
1086 3946 1412 4014 (pactiones)
1479 3945 1576 3999 ab·

458 4013 774 4080 schliessen,
837 4014 926 4068 die
982 4031 1091 4069 von
1138 4016 1427 4071 einzelnen
1472 4017 1575 4069 Be-

458 4085 835 4153 stimmungen
889 4086 988 4140 der
1044 4086 1133 4140 lex
1181 4087 1459 4154 censoria,
1514 4088 1575 4140 in

458 4155 557 4209 der
613 4159 754 4210 auch
811 4156 901 4210 die
956 4155 1062 4210 Art
1119 4155 1217 4210 der
1270 4131 1576 4226 Erheb’ung

456 4226 745 4281 bestimmt
779 4245 912 4293 war,
950 4226 1198 4282 absehen
1231 4228 1472 4282 durften.
1508 4257 1574 4266 —

457 4298 635 4364 facere
671 4299 756 4370 at]
804 4270 982 4352 findet
1027 4297 1148 4353 sich
1196 4298 1282 4352 oft
1322 4298 1406 4352 als
1443 4297 1575 4351 Um-

459 4369 795 4438 schreibung
857 4370 955 4423 des
1020 4370 1297 4423 Verbums
1358 4371 1421 4437 (s
1478 4368 1574 4421 ΙΙΙ.

1680 3032 1763 3081 32.
1804 3028 1885 3094 3),
1932 3045 2028 3080 ιιιιι
2073 3026 2253 3081 dieses
2291 3024 2804 3080 nachdrficklicher

1679 3097 2130 3151 hervorzuheben
2187 3097 2321 3151 oder
2376 3097 2502 3150 eine
2548 3096 2801 3163 grossere

1678 3166 1835 3222 Ffille
1874 3166 1973 3221 der
2000 3166 2154 3221 Rede
2184 3185 2250 3221 zu
2276 3167 2590 3237 gewinnen.
2631 3167 2804 3222 Tusc.

1678 3239 1742 3292 V.
1782 3245 1832 3293 4
1875 3243 1969 3291 11·
2022 3239 2248 3303 fecimus
2289 3243 2340 3292 et
2375 3239 2520 3292 alias
2554 3253 2716 3307 saepe
2751 3243 2806 3293 et

1676 3325 1891 3379 nuper
1880 3310 1944 3362 in
1977 3308 2305 3376 Tusculano,
2334 3315 2430 3363 ut.
2454 3309 2803 3377 ,disputare-

1677 3396 1810 3433 mus.
1868 3367 2114 3433 Ahnlioh
2150 3381 2243 3445 fac
2270 3385 2334 3433 at
2361 3350 2466 3432 ffir.
2481 3380 2589 3433 den
2619 3379 2805 3449 Impe-

1682 3450 1842 3504 rativ.
1876 3482 1940 3490 —
1970 3451 2031 3506 di
2031 3451 2241 3521 ynitas]
2290 3449 2808 3505 Verr.11.71.1·15

1683 3524 1857 3574 nennt
1877 3520 1988 3574 Cic.
2002 3520 2093 3574 die
2113 3521 2407 3577 decumani
2428 3521 2541 3587 (die
2558 3519 2808 3576 Pachter

1684 3590 1783 3646 der
1818 3593 2058 3657 decuma,
2095 3592 2307 3646 welche
2343 3609 2449 3645 nur
2484 3591 2544 3645 in
2573 3591 2812 3647 Sicilien

1683 3661 1800 3715 und
1826 3661 1997 3716 Asien
2025 3662 2267 3717 erhoben
2299 3663 2506 3728 warde,
2533 3663 2812 3717 wahrend

1685 3731 1777 3786 die
1824 3733 2068 3787 anderen
2104 3732 2413 3787 Provinzen
2460 3733 2558 3786 das
2601 3736 2811 3802 stipen-

1682 3804 1837 3857 dium
1864 3803 2110 3871 zahlten)
2139 3803 2230 3857 die
2251 3805 2538 3872 principes
2566 3809 2617 3858 et
2643 3807 2814 3873 quasi

1681 3880 1955 3929 senatores
1982 3875 2426 3942 publicanorum.
2447 3904 2517 3914 —
2535 3882 2814 3944 quantum

1684 3946 2079 4015 —debeamus]
2122 3963 2162 3999 s.
2201 3963 2246 4000 z.
2286 3951 2316 4011 ξ
2355 3951 2403 4001 6.

1758 4021 1842 4069 36.
1894 4016 2195 4087 societates]
2253 4016 2344 4070 die
2393 4016 2812 4086 Aktiengesell-

1684 4085 1938 4140 schaften
1975 4088 2072 4141 der
2111 4086 2553 4156 Staatspiichter,
2592 4089 2812 4143 welche

1683 4156 1774 4210 die
1803 4156 2173 4226 Eintreibung
2211 4159 2310 4212 der
2336 4157 2611 4227 Abgaben
2640 4159 2813 4213 tiber—

1683 4227 1925 4281 nahmen
1971 4230 2086 4282 und
2121 4228 2212 4282 fiir
2247 4229 2440 4283 diesen
2477 4229 2682 4284 Zweck
2720 4230 2816 4285 ein

1683 4296 2031 4368 vollstandig
2087 4299 2484 4368 organisiertes
2536 4300 2815 4355 Personal

1683 4368 1898 4423 hatten.
1929 4400 1995 4409 —
2022 4386 2161 4438 quae
2179 4401 2246 4410 —
2268 4372 2485 4426 diversa
2519 4371 2675 4442 sunt]
2716 4389 2814 4443 ge-
