3000 4917
885 239 1189 295 SERVIUS
1227 239 1598 297 SULPICIUS
1634 240 1888 299 RUFUS.

2429 240 2561 305 205

1038 491 1391 557 EPISTULA
1436 490 1733 556 XXXVI.

1094 614 1202 680 (Ad
1230 612 1362 667 fam.
1392 611 1540 666 XIII.
1570 615 1680 681 20.)

960 732 1264 790 CICERO
1305 732 1613 790 SERVIO
1654 733 1817 789 SAL.

393 863 760 948 Asclapone
796 861 1114 944 Patrensi,
1161 860 1430 941 medico,
1475 865 1628 925 utor
1672 861 2081 926 familiariter
2117 861 2379 945 eiusque
2417 883 2561 927 cum

215 952 614 1018 consuetudo
652 951 817 1016 mihi
852 949 1131 1013 iucunda
1166 948 1310 1032 fuit,
1348 954 1488 1015 tum
1530 971 1633 1013 ars
1672 950 1888 1033 etiam,
1935 971 2127 1034 quam
2166 971 2309 1013 sum
2348 971 2565 1034 exper-

217 1047 326 1106 tus
372 1041 443 1104 in
488 1040 857 1104 valetudine
905 1058 1221 1123 meorum3
1268 1039 1337 1101 in
1385 1060 1513 1121 qua
1551 1037 1710 1102 mihi
1750 1060 1896 1103 cum
1931 1038 2077 1121 ipsa
2115 1037 2388 1103 scientia
2424 1041 2565 1102 tum

218 1131 414 1194 etiam
479 1127 795 1193 fidelitate
859 1126 1439 1210 benevolentiaque
1509 1126 1840 1191 satisfecit.
1932 1125 2123 1191 Hunc
2186 1127 2388 1212 igitur
2442 1126 2565 1191 tibi

219 1217 599 1283 commendo
648 1220 714 1281 et
751 1238 790 1280 a
825 1218 891 1280 te
929 1217 1100 1298 pet0,
1145 1218 1219 1279 ut
1254 1215 1366 1280 des
1406 1237 1688 1299 operam,
1732 1219 1807 1279 ut
1841 1215 2183 1301 intellegat
2221 1214 2566 1301 diligenter

219 1328 321 1370 me
368 1305 704 1390 scripsisse
754 1305 830 1368 de
879 1324 1017 1368 sese
1063 1324 1399 1387 meamque
1447 1305 2069 1370 commendationem
2125 1303 2272 1368 usui
2326 1324 2564 1388 magno

221 1395 344 1460 sibi
389 1394 610 1459 fuisse.
698 1394 850 1459 Erit
894 1392 960 1456 id
1005 1392 1167 1456 mihi
1212 1393 1630 1456 vehementer
1674 1397 1950 1477 gratum.

1026 1674 1384 1740 EPISTULA
1429 1674 1761 1740 XXXVII.

1104 1795 1215 1865 (Ad
1240 1795 1374 1850 fam.
1405 1795 1554 1850 xm.
1583 1797 1690 1863 22.)

919 1917 1248 1975 CICERO
1308 1918 1640 1975 SERVIO
1699 1919 1877 1975 SAL.

399 2048 475 2114 T.
522 2045 870 2130 Manlium,
918 2047 1029 2130 qui
1071 2047 1446 2131 negotiatur
1492 2047 1821 2131 Thespiis,
1877 2046 2293 2110 vehementer
2337 2046 2628 2133 diligo31

225 2160 380 2204 nam
447 2140 514 2201 et
578 2157 833 2220 semper
890 2157 994 2199 me
1058 2134 1260 2200 coluit
1315 2129 1931 2220 diligentissimeque
1988 2136 2359 2200 observavit
2413 2140 2478 2199 et
2534 2158 2573 2200 a

226 2226 457 2292 studiis
504 2224 744 2290 nostris
788 2246 924 2289 non
971 2223 1296 2288 abhorret.
1368 2219 1643 2288 Accedit
1687 2246 1781 2308 ec,
1828 2223 1999 2308 quod
2046 2222 2257 2288 Varro
2303 2223 2574 2288 Murena

227 2335 467 2400 magno
524 2335 716 2398 opere
774 2313 912 2377 eius
968 2334 1163 2377 causa
1217 2312 1358 2376 vult
1415 2314 1658 2395 omnia3
1723 2313 1833 2396 qui
1885 2316 2102 2376 tamen
2162 2313 2574 2395 existimavit,

232 2405 354 2468 etsi
392 2402 526 2467 suis
562 2402 821 2485 litteris,
869 2400 1102 2484 quibus
1139 2400 1266 2465 tibi
1300 2398 1620 2464 Manlium
1659 2399 2160 2483 commendarat,
2204 2399 2389 2464 valde
2427 2421 2574 2465 con-

228 2491 478 2575 fideret,
546 2493 766 2554 tamen
831 2511 976 2553 mea
1039 2488 1597 2553 commendatione
1662 2488 1904 2572 aliquid
1971 2487 2354 2552 accessionis
2417 2487 2572 2553 fore.

226 2579 334 2644 Me
398 2578 661 2663 quidem
725 2599 870 2643 cum
925 2577 1151 2641 Manlii
1209 2576 1649 2658 familiaritas,
1711 2581 1851 2640 tum
1912 2575 2225 2640 Varronis
2290 2576 2576 2641 studium

228 2667 603 2750 commovit,
641 2669 716 2731 ut
751 2666 833 2730 ad
861 2669 927 2729 te
958 2688 1152 2750 quam
1181 2665 1661 2730 accuratissime
1691 2665 2055 2731 scriberem.
2116 2662 2577 2729 Gratissimum
2596 2663 2639 2727 2

226 2757 432 2841 igitur
488 2754 649 2819 mihi
702 2755 959 2838 feceriS,
1014 2755 1069 2819 si
1124 2755 1275 2818 huic
1333 2754 1877 2819 commendationi
1932 2774 2111 2817 meae
2157 2755 2414 2816 tantum
2459 2754 2573 2817 tri-

228 2846 466 2929 bueriS,
515 2846 828 2928 quantum
874 2843 975 2907 cui
1020 2843 1309 2907 tribuisti
1353 2843 1725 2927 plurimum,
1771 2842 1838 2906 id
1885 2846 2002 2926 est,
2050 2842 2107 2905 si
2151 2840 2224 2906 Τ.
2260 2840 2575 2906 Manlium

225 2957 424 3019 quam
471 2933 781 3017 maxime,
837 2933 1321 3015 quibuscunque
1376 2931 1567 2994 rebus
1612 2931 1884 2995 honeste
1930 2952 2006 2995 ac
2049 2951 2167 3014 pro
2213 2933 2327 2994 tua
2372 2930 2577 3016 digni-

219 3026 369 3088 tate
422 3021 670 3105 poteris
681 3071 700 3105 ,
753 3021 993 3085 iuveris
1050 3024 1242 3104 atque
1300 3019 1659 3103 ornaveris3
1727 3041 1805 3083 ex
1858 3019 2187 3103 ipsiusque
2243 3023 2577 3104 praeterea

225 3110 624 3197 gratissimis
688 3112 755 3173 et
818 3108 1306 3173 humanissimis
1371 3109 1662 3173 moribus
1729 3109 2038 3173 confirmo
2095 3108 2219 3172 tibi
2282 3111 2349 3173 te
2415 3131 2577 3192 eum,

225 3221 423 3284 quem
480 3198 648 3262 soles
704 3196 990 3262 fructum
1055 3220 1093 3261 a
1159 3198 1472 3261 bonorum
1540 3198 1824 3262 virorum
1888 3196 2119 3261 officiis
2184 3201 2575 3281 exspectare,

223 3309 372 3352 esse
419 3290 778 3371 capturum.

305 3497 483 3550 Emer.
540 3493 790 3550 XXXVI.
847 3495 990 3564 (708.
1046 3496 1157 3561 46.)
1243 3494 1356 3548 Der

228 3567 370 3621 Arzt
407 3567 579 3620 Ascla
620 3583 651 3620 ο
698 3566 857 3619 hatte
902 3564 1078 3618 durch
1126 3563 1216 3618 die
1254 3564 1354 3619 Be-

228 3638 525 3706 handlung
604 3652 663 3690 es
701 3635 955 3690 kranken
988 3634 1118 3690 Tiro
1155 3636 1212 3689 in
1249 3635 1354 3689 Pa-

229 3714 350 3833 tvi-5.l
363 3708 558 3831 C{cero
594 3706 780 3777 grosse
813 3707 1039 3761 Dienste
1077 3705 1353 3775 geleistet.

304 3851 488 3904 Ems‘r.
528 3847 811 3902 XXXVII.
850 3851 993 3916 (708.
1031 3849 1141 3916 46.)

311 3926 359 3975 1.
404 3922 469 3975 Τ.
499 3920 780 3991 Manlius]
820 3920 978 3973 sonst
1011 3918 1355 3973 unbekannt.

231 4022 307 4033 —-
342 3993 514 4046 coluit
558 3990 883 4057 observavit]
923 4007 963 4042 S.
1003 4008 1046 4042 z.
1084 3987 1177 4044 III.
1218 3994 1266 4044 5.
1306 3993 1354 4042 2.

236 4094 306 4102 -—
355 4062 536 4117 Varro
568 4060 838 4131 Murena]
878 4058 968 4113 ein
998 4057 1221 4112 Freund
1260 4058 1358 4113 des

236 4132 432 4189 Cicero
460 4133 573 4186 und
593 4130 896 4200 Anhanger
923 4131 1021 4184 des
1039 4128 1356 4199 Pompeius,

236 4204 511 4272 derselbe,
551 4201 793 4257 welcher
821 4201 965 4256 auch
992 4200 1034 4256 1.
1068 4206 1152 4255 30.
1185 4206 1233 4254 6.
1263 4216 1357 4271 ge-

1462 3496 1639 3549 nannt
1683 3494 1838 3549 wird.
1880 3524 1947 3534 —
1985 3495 2102 3548 eius
2138 3509 2307 3548 causa
2371 3511 2412 3547 s.
2451 3513 2494 3547 z.
2535 3496 2576 3548 1.

1465 3569 1549 3620 15.
1566 3572 1615 3620 3.
1638 3596 1704 3605 -
1724 3570 1907 3619 tamen
1920 3566 2254 3620 existimavit
2367 3564 2579 3619 abrend

1463 3636 1564 3690 das
1594 3635 1790 3690 zweite
1818 3642 1998 3691 tamen
2025 3636 2216 3689 seinen
2299 3636 2579 3690 ordersatz

1461 3707 1523 3760 in
1551 3708 1661 3761 etsi
1677 3707 1967 3773 consideret
1992 3707 2111 3771 hat,
2141 3706 2219 3759 ist
2246 3707 2344 3760 der
2364 3707 2578 3774 Gegen-

1462 3781 1579 3831 satz
1626 3793 1694 3830 zu
1731 3782 1912 3831 tamen
1948 3778 2281 3831 existimavit
2316 3793 2416 3831 aus
2454 3777 2580 3830 dem

1462 3846 1960 3916 vorhergehenden
1999 3848 2162 3902 Satze
2204 3866 2271 3901 zu
2309 3852 2582 3916 erganzen

1465 3944 1534 3963 =
1552 3916 1780 3973 obwohl
1805 3917 1894 3972 die
1915 3917 2296 3989 Empfehlung
2313 3917 2584 3972 zunachst

1464 3990 1615 4043 seine
1656 3988 1834 4042 Sache
1871 4005 2003 4044 war.

1536 4064 1586 4112 2.
1633 4058 2024 4114 Gratissimum
2067 4061 2258 4127 feceris
2293 4091 2364 4100 —
2398 4061 2449 4114 si
2484 4062 2584 4114 tri-

1466 4130 1668 4200 bueris]
1728 4116 1878 4183 Uber
1925 4129 2026 4184 aas
2071 4130 2195 4183 Fut.
2234 4130 2300 4186 11.
2349 4148 2389 4185 s.
2440 4130 2584 4186 oben

1466 4218 1534 4253 zu
1569 4206 1652 4254 33.
1693 4207 1741 4255 3.
