3000 4917
1199 291 1589 349 TERENTIA.
2478 293 2561 358 27

1128 479 1504 546 EPISTULA.
1542 480 1658 546 IV.

1106 594 1214 661 (Ad
1247 594 1382 649 fam.
1421 593 1570 649 XIV.
1610 596 1683 664 3.)

209 665 230 674 -
279 696 592 753 TULLIUS
632 696 685 753 S.
725 698 792 751 D.
830 697 1247 754 TERENTIAE
1288 700 1475 755 SUAE
1513 699 1608 754 ΕΤ
1644 699 1956 755 TULLIAE
1994 699 2090 755 ET
2130 699 2488 759 CICERONI.

393 808 634 893 Accepi
702 808 783 871 ab
838 808 1229 874 Aristocrito
1282 812 1415 874 tres
1470 810 1809 894 epistulas,
1882 832 2043 895 quas
2098 831 2219 895 ego
2276 812 2561 878 lacrimis
2603 813 2638 877 1

203 918 420 982 prope
467 896 707 980 delevi3
752 897 1054 962 conficior
1098 898 1272 962 enim
1316 919 1626 974 maerore,
1672 919 1818 963 mea
1854 898 2174 978 Terentia,
2220 921 2337 963 nec
2379 922 2560 965 meae

204 1007 317 1051 me
392 985 685 1050 miseriae
761 986 973 1070 magis
1043 987 1411 1052 excruciant
1473 1008 1668 1070 quam
1737 990 1892 1052 tuae
1955 949 2365 1073 vestra'eque3
2438 1010 2558 1074 ego

201 1078 431 1140 autem
487 1074 611 1139 hoc
666 1073 963 1139 miserior
1020 1098 1164 1140 sum
1220 1097 1412 1159 quam
1458 1081 1559 1159 tu,
1615 1097 1781 1159 quae
1828 1097 1897 1140 es
1943 1077 2334 1159 miserrima,
2391 1078 2562 1161 quod

207 1165 360 1247 ipsa
398 1164 737 1227 calamitas
773 1166 1134 1229 communis
1173 1172 1274 1228 est
1310 1165 1642 1249 utriusque
1679 1167 1994 1241 nostrum,
2041 1166 2151 1230 sed
2190 1166 2379 1249 culpa
2415 1188 2560 1232 mea

207 1252 479 1337 propria
546 1256 663 1315 est.
753 1250 967 1316 Meum
1033 1253 1161 1317 fuit
1223 1253 1508 1318 officium
1572 1254 1674 1317 vel
1738 1254 2068 1337 legatione
2131 1255 2337 1319 vitare
2395 1256 2563 1338 peri-

203 1342 457 1424 culum,
520 1341 624 1405 vel
676 1340 1016 1425 diligentia
1070 1347 1137 1406 et
1189 1343 1393 1426 copiis
1447 1341 1777 1426 resistere,
1836 1343 1938 1407 vel
1995 1342 2217 1407 cadere
2274 1344 2558 1409 fortiter:

208 1430 339 1494 hoc
389 1429 711 1513 miseriuS,
766 1431 1046 1514 turpius,
1100 1431 1433 1515 indignius
1478 1431 1669 1495 nobis
1715 1430 1880 1494 nihil
1924 1432 2065 1495 fuit.
2154 1430 2365 1507 Quare
2413 1454 2558 1497 cum
2595 1432 2639 1498 2

207 1519 437 1583 dolore
475 1518 795 1597 conficior,
841 1523 981 1583 tum
1019 1520 1214 1583 etiam
1250 1519 1526 1604 pudore;
1571 1518 1771 1602 pudet
1808 1519 1981 1584 enim
2018 1541 2119 1583 me
2157 1521 2342 1586 uxori
2379 1543 2563 1586 meae

216 1608 531 1692 optimae,
578 1607 982 1672 suavissimis
1027 1608 1248 1672 liberis
1296 1608 1602 1672 virtutem
1649 1611 1716 1671 et
1762 1607 2161 1693 diligentiam
2208 1630 2342 1674 non
2386 1632 2565 1694 prae-

213 1697 483 1761 stitisse.
566 1693 736 1759 Nam
784 1697 875 1759 mi
922 1699 1074 1761 ante
1121 1698 1342 1762 oeulos
1390 1696 1527 1760 dies
1573 1698 1924 1782 noctesque
1969 1701 2263 1761 versatur
2299 1700 2567 1782 squalor

213 1787 437 1849 vester
499 1787 566 1848 et
625 1805 881 1849 maeror
933 1788 998 1849 et
1050 1785 1398 1850 infirmitas
1454 1785 1845 1850 valetudinis
1901 1789 2077 1868 tuae3
2142 1808 2290 1870 spes
2346 1790 2562 1851 autem

218 1872 452 1938 salutis
497 1873 826 1957 pertenuis
876 1874 1255 1939 ostenditur.
1344 1873 1602 1942 Inimici
1650 1878 1802 1938 sunt
1848 1874 2063 1958 multi,
2108 1875 2313 1939 invidi
2357 1898 2562 1960 paene

207 1982 467 2046 omnes3
542 1962 743 2026 eicere
809 1984 957 2050 nos,
994 1984 1304 2049 magnum
1369 1962 1521 2046 fuit,
1596 1963 1927 2028 excludere
1991 1962 2181 2028 facile
2250 1968 2375 2049 est3
2449 1966 2562 2030 sed

210 2055 437 2115 tamen
485 2051 790 2135 quamdiu
835 2073 949 2115 vos
999 2053 1179 2116 eritis
1225 2053 1295 2116 in
1341 2073 1471 2135 spe,
1515 2073 1649 2116 non
1686 2052 1999 2135 deficiam,
2044 2074 2124 2117 ne
2163 2054 2379 2118 omnia
2416 2076 2562 2118 mea

211 2139 410 2223 culpa
454 2139 759 2203 cecidisse
804 2140 1162 2205 videantur.
1252 2139 1345 2205 Ut
1388 2144 1534 2206 tuto
1579 2140 1721 2224 sim,
1767 2142 1938 2225 quod
1975 2141 2251 2227 laboraS,
2294 2142 2360 2206 id
2397 2143 2561 2208 mihi
2596 2143 2639 2209 3

215 2249 393 2292 nunc
438 2227 822 2292 facillimum
872 2232 986 2313 est,
1035 2251 1224 2313 quem
1272 2230 1468 2293 etiam
1514 2229 1761 2294 inimici
1806 2229 2035 2295 volunt
2081 2231 2295 2295 vivere
2340 2231 2410 2296 in
2455 2232 2559 2297 his

213 2316 421 2382 tantis
469 2317 777 2401 miseriis3
829 2338 949 2402 ego
995 2320 1218 2382 tamen
1262 2318 1524 2402 faciam,
1573 2340 1735 2401 quae
1780 2318 2122 2402 praecipis.

389 2403 656 2488 AmiciS,
698 2405 930 2490 quibus
967 2407 1251 2491 voluisti,
1290 2409 1395 2493 egi
1433 2409 1680 2490 gratias
1720 2410 1786 2471 et
1822 2429 1931 2471 eas
1971 2407 2226 2471 litteras
2264 2406 2559 2491 Dexippo

212 2493 359 2558 dedi
394 2515 624 2577 meque
663 2494 739 2558 de
779 2516 1002 2559 eorum
1040 2495 1256 2560 officio
1296 2496 1525 2578 scripsi
1563 2518 1602 2559 a
1638 2500 1703 2559 te
1740 2496 2079 2559 certiorem
2119 2517 2258 2558 esse
2295 2496 2559 2562 factum.

210 2582 515 2647 Pisonem
568 2586 864 2647 nostrum
909 2584 1182 2649 mirifico
1231 2606 1370 2648 esse
1420 2584 1633 2647 studio
1680 2584 1751 2646 in
1798 2605 1917 2648 nos
1965 2586 2031 2648 et
2078 2582 2292 2648 officio
2331 2588 2398 2648 et
2435 2605 2556 2668 ego

209 2671 535 2755 perspicio
582 2674 647 2735 et
693 2694 915 2737 omnes
962 2674 1357 2756 praedicant.
1439 2671 1525 2736 Di
1570 2672 1798 2756 faxint,
1844 2676 1920 2736 ut
1964 2672 2083 2736 tali
2121 2693 2358 2757 genero
2398 2673 2559 2737 mihi

212 2760 542 2845 praesenti
585 2763 797 2825 tecum
845 2762 1039 2826 simul
1085 2766 1150 2825 et
1188 2784 1334 2825 cum
1369 2761 1590 2825 liberis
1628 2760 1870 2825 nostris
1909 2761 2035 2825 frui
2071 2761 2290 2825 liceat!
2365 2760 2558 2827 Nunc

212 2871 355 2932 spes
420 2848 672 2933 reliqua
733 2854 832 2915 est
896 2851 964 2914 in
1028 2851 1214 2915 novis
1278 2850 1558 2914 tribunis
1623 2851 1707 2934 pl.
1774 2853 1839 2913 et
1892 2849 1962 2913 in
2018 2850 2242 2934 primis
2301 2850 2556 2935 quidem

205 2937 462 3021 diebus3
526 2958 680 3001 nam
736 2939 791 3003 si
845 2939 1251 3023 inveterarit,
1318 2942 1532 3003 actum
1590 2944 1702 3005 est.
1794 2937 1897 3002 Ea
1949 2961 2018 3002 re
2075 2939 2157 3003 ad
2210 2942 2276 3002 te
2333 2941 2553 3004 statim
2592 2940 2638 3003 4

282 3119 329 3167 1.
379 3113 586 3181 Accepi
628 3113 723 3183 ab]
772 3130 869 3167 zur
903 3112 1039 3167 Bed.
1078 3114 1194 3183 vgl.
1230 3113 1325 3169 ΙΙΙ.
1432 3114 1560 3168 istic
1603 3118 1742 3168 recte
1776 3129 1884 3167 csse
1910 3128 2135 3183 possum
2143 3132 2165 3179 ,·
2208 3113 2328 3169 XII.
2365 3119 2452 3169 45.
2492 3120 2550 3168 2ε

213 3188 381 3266 32.1.
421 3214 489 3223 -
516 3184 870 3255 Aristocrito]
908 3183 1175 3239 Derselbe
1213 3200 1329 3238 war
1432 3186 1498 3238 in
1559 3184 1870 3239 Tusculano
1933 3200 1992 3238 co
2054 3186 2384 3239 commodius
2445 3202 2553 3253 ere,

208 3254 312 3309 wie
369 3253 469 3307 der
521 3259 551 3319 ς
599 3260 632 3308 3
688 3255 975 3309 erwahnte
1044 3255 1327 3325 Dexippus
1434 3257 1581 3326 quod
1618 3261 1746 3324 θέας
1781 3253 1927 3308 VIII.
1966 3259 2012 3308 1.
2049 3260 2101 3307 1:
2139 3272 2412 3324 nusquam
2447 3259 2556 3311 eris

215 3324 421 3379 Sklave
459 3323 681 3380 Ciceros
722 3344 775 3381 u.
814 3328 973 3380 hatte
1010 3325 1194 3381 Briefe
1230 3328 1330 3380 der
1434 3327 1634 3394 tutius,
1681 3342 1736 3380 u.
1776 3331 1805 3391 ξ
1842 3331 1903 3379 4:
1940 3326 2040 3381 ubi
2073 3328 2339 3380 tutissime
2375 3343 2551 3381 essem.

205 3394 472 3451 Terentia
519 3396 876 3452 uberbracht.
925 3428 990 3437 —
1039 3397 1326 3469 zeqatione]
1437 3396 1491 3452 S.
1530 3397 1571 3453 I.
1612 3403 1661 3452 6.
1703 3403 1760 3463 1;
1801 3402 1847 3451 7.
1878 3402 1938 3463 2;
1975 3396 2045 3451 II.
2079 3402 2161 3451 17.
2195 3403 2247 3462 13
2291 3396 2381 3450 111.
2414 3403 2463 3451 6.
2496 3406 2551 3463 13

206 3467 299 3521 die
313 3468 435 3520 ihm
452 3482 563 3521 von
582 3466 751 3522 Casar
772 3468 1090 3537 angeboten
1110 3470 1330 3523 wurde·
1317 3491 1331 3537 3
1436 3467 1530 3522 IV.
1582 3473 1726 3523 1.1.
1783 3499 1852 3508 —
1906 3468 2052 3537 quod
2111 3467 2352 3538 laboras]
2409 3469 2554 3535 quod

211 3537 264 3592 8.
311 3556 359 3590 z.
404 3538 447 3592 I.
496 3543 545 3591 3.
594 3544 639 3592 1.
686 3557 739 3592 u.
777 3537 922 3593 Einl.
961 3557 1004 3593 z.
1042 3541 1093 3594 J.
1132 3546 1217 3594 59.
1259 3571 1323 3580 -
1431 3540 1628 3595 Aecus.
1677 3539 1786 3593 wie
1832 3538 1872 3593 I.
1912 3542 1996 3592 25.
2036 3544 2095 3591 3.
2152 3540 2295 3592 nihil
2349 3540 2553 3605 labom,

208 3608 410 3679 copiis]
456 3609 561 3662 mit
606 3609 1210 3664 Gladiatorenbandern
1256 3642 1323 3652 —
1431 3611 1548 3665 nisi
1593 3616 1698 3665 ut.
1790 3611 1909 3664 Att.
1954 3608 2101 3663 XHI.
2152 3615 2200 3663 9.
2250 3614 2308 3663 2.
2367 3610 2552 3664 laboro

210 3682 307 3734 hoc
342 3680 462 3734 mia
498 3681 665 3751 veiha]
704 3682 757 3736 d.
785 3681 822 3736 i.
854 3682 938 3735 als
975 3682 1066 3735 die
1104 3682 1326 3749 Flucht,
1432 3683 1595 3749 idem,
1629 3682 1776 3751 quod
1812 3686 1901 3744 W?
1940 3679 2078 3734 oder
2111 3682 2256 3749 quod
2290 3680 2368 3734 ist
2401 3679 2550 3734 Kon-

211 3751 422 3806 welche
459 3766 519 3804 er
555 3751 671 3805 Att.
707 3750 801 3806 III.
833 3756 917 3806 15.
947 3750 1031 3806 als
1068 3755 1325 3822 turpissi·
1427 3750 1696 3822 junktion
1711 3722 1913 3806 nachI.
1930 3757 1975 3804 1.
1990 3757 2041 3805 4.
2056 3752 2225 3831 (quod
2243 3752 2350 3805 lab.
2366 3769 2421 3807 u.
2433 3757 2470 3812 t.
2481 3755 2550 3818 s.)

211 3839 356 3877 mum
392 3822 679 3876 consilium
713 3822 1057 3877 bezeichnet.
1433 3854 1501 3864 -
1544 3823 1749 3893 officio]
1801 3820 2399 3878 Dienstbefiissenheit.
2446 3837 2549 3891 pro

277 3899 324 3947 2.
321 3892 549 3974 eicere]
588 3910 630 3948 s
668 3892 708 3947 Ι.
749 3900 797 3947 3.
837 3900 896 3952 2·
946 3895 1176 3961 facilius
1210 3912 1325 3949 ma·
1431 3895 1573 3950 Mur.
1612 3900 1698 3948 22.
1736 3900 1821 3948 46.
1863 3919 1931 3933 -
1967 3894 2090 3960 frui
2135 3894 2295 3948 liceat
2359 3893 2555 3948 Dieser

208 3956 335 4019 nere
369 3965 520 4018 domi
555 3981 719 4033 quam
754 3966 947 4021 redire.
1018 3965 1329 4020 Excludere
1434 3963 1688 4020 Wunsch
1723 3964 1914 4018 wurde
1950 3964 2113 4018 nicht
2148 3964 2270 4018 erfi‘i
2315 3968 2366 4032 t;
2421 3963 2553 4019 Piso

209 4033 288 4089 im
323 4034 646 4089 Deutschen
681 4035 789 4088 mit
811 4035 1116 4117 negativer
1148 4035 1326 4090 Rede-
1435 4036 1592 4090 starb
1638 4035 1856 4091 vorher.
1935 4036 1989 4090 S.
2038 4035 2245 4090 Tunux
2291 4034 2552 4091 Vorbem.

209 4107 508 4175 wendung·
558 4105 732 4160 mich
767 4105 926 4161 nicht
961 4108 1169 4162 wieder
1204 4108 1325 4161 her·
1391 4156 1396 4161 .
1435 4125 1487 4162 u.
1525 4125 1570 4160 z.
1610 4105 1652 4160 Ι.
1691 4112 1739 4159 2.
1782 4111 1830 4159 2.
1867 4135 1937 4145 —-
1983 4106 2153 4175 impr
2074 4123 2295 4177 χιι-..αα
2334 4108 2550 4179 diebus]

209 4177 529 4232 einlassen’.
1433 4177 1539 4232 Die
1584 4174 1868 4230 Tribunen
1912 4176 2103 4231 traten
2146 4193 2239 4230 am
2285 4183 2369 4232 10.
2419 4177 2551 4235 Dez.

275 4254 325 4303 6.
352 4254 474 4302 tuto
500 4246 630 4318 sim]
657 4247 772 4318 vgl.
801 4253 832 4313 5
861 4255 924 4303 4:
958 4255 1011 4304 et
1044 4266 1162 4304 sum
1188 4254 1321 4303 tuto,
1432 4248 1522 4302 ihr
1559 4249 1695 4301 Amt
1728 4263 1816 4301 an.
1857 4277 1924 4287 -
1961 4253 2142 4303 actum
2187 4250 2286 4317 est]
2325 4247 2417 4301 ein
2455 4248 2553 4303 der

210 4320 343 4375 Esse
377 4317 572 4388 haufig
608 4319 716 4372 mit
742 4320 923 4374 einem
955 4319 1197 4375 Adverb.
1229 4338 1327 4374 zur
1425 4317 1790 4390 juristischen
1845 4316 2378 4388 Gesch'aftssprache
2431 4323 2552 4373 ent-

210 4389 604 4458 Bezeichnung
630 4389 729 4442 der
746 4391 851 4444 Art
877 4390 979 4445 des
1002 4391 1161 4445 Seins
1191 4390 1325 4445 oder
1432 4391 1653 4445 lehnter
1685 4388 1994 4444 Ausdruck.
2051 4389 2181 4498 Vgl.
2219 4388 2310 4445 Br.
2340 4388 2381 4442 Ι.
2414 4395 2459 4442 1
2490 4396 2548 4442 3:

209 4460 303 4516 des
319 4458 698 4517 Aufenthalts.
756 4461 828 4514 ad
848 4463 962 4516 Att.
983 4461 1131 4516 XVI.
1158 4470 1239 4516 15.
1262 4468 1320 4517 6.
1431 4467 1773 4516 transactum
1809 4466 1899 4516 est.
