3000 4917
403 261 488 327 28
1251 262 1384 319 ΜΒ.
1424 266 1464 318 1.
1523 262 1748 319 EPIST.
1786 267 1837 318 4.
1875 267 1925 319 5.

404 425 865 491 Aristocritum
911 425 1079 508 misi,
1124 429 1199 489 ut
1220 420 1326 490 ‘ad
1363 447 1467 490 me
1506 427 1811 491 continuo
1849 425 2037 489 initia
2072 446 2286 489 rerum
2325 429 2390 490 et
2426 425 2756 491 rationem

404 516 606 580 totius
661 515 906 599 negotii
958 536 1184 598 posses
1232 516 1538 597 scribere,
1596 515 1720 580 etsi
1765 513 2059 597 Dexippo
2106 535 2359 598 quoque
2405 515 2500 579 ita
2542 516 2756 597 impe-

404 605 565 689 ravi,
602 606 824 669 statim
861 606 936 667 ut
971 607 1344 688 recurreret,
1382 607 1449 667 et
1486 604 1568 669 ad
1604 604 1874 668 fratrem
1911 602 2078 685 misi,
2114 606 2189 667 ut
2224 602 2448 667 crebro
2477 603 2754 666 tabella-

407 693 538 758 rios
593 694 907 771 mitteret3
963 714 1118 757 nam
1176 713 1299 777 ego
1357 714 1432 757 eo
1485 693 1748 758 nomine
1796 714 1937 756 sum
1984 691 2376 774 Dyrrhachii
2420 692 2543 756 hoc
2588 697 2757 756 tem-

408 804 589 868 pore,
642 785 715 846 ut
770 803 963 867 quam
1009 781 1368 864 celerrime,
1426 781 1583 865 quid
1630 784 1889 864 agatur,
1945 780 2228 865 audiam3
2275 783 2340 844 et
2385 801 2530 844 sum
2575 784 2755 862 tuto3

409 872 638 936 civitas
703 872 876 934 enim
940 870 1101 935 haec
1164 891 1415 953 semper
1478 892 1519 934 a
1582 891 1684 933 me
1744 869 2007 933 defensa
2062 873 2179 934 est.

2282 866 2445 934 Cum
2499 869 2757 933 inimici

408 962 619 1025 nostri
664 959 882 1037 venire
928 959 1248 1040 dicentur,
1293 963 1435 1022 tum
1480 958 1551 1022 in
1594 957 1867 1041 Epirum
1913 959 2044 1022 ibe.

591 1047 776 1124 Quod
823 1047 1049 1112 scribis
1084 1050 1170 1129 te,
1217 1046 1274 1110 si
1308 1048 1524 1130 velim,
1570 1046 1650 1111 ad
1685 1068 1789 1110 me
1825 1051 2183 1128 venturam,
2230 1066 2348 1131 ego
2386 1068 2556 1131 vero,
2604 1067 2758 1111 cum

415 1138 617 1203 sciam
673 1158 979 1222 magnam
1029 1141 1283 1220 partem
1328 1136 1522 1200 istius
1570 1135 1783 1199 oneris
1831 1136 1947 1199 abs
1994 1138 2058 1199 te
2106 1135 2441 1218 sustineri,
2494 1140 2559 1200 te
2605 1135 2759 1200 istic

411 1249 551 1292 esse
598 1227 764 1291 volo.
850 1223 916 1288 Si
962 1224 1273 1310 perficitis
1321 1224 1494 1308 quod
1542 1225 1755 1308 agitis,
1802 1245 1905 1288 me
1947 1224 2028 1287 ad
2063 1245 2180 1289 vos
2217 1224 2437 1289 venire
2475 1228 2760 1308 oportet,

415 1316 518 1380 sin
555 1319 772 1379 autem
813 1348 890 1359 —-
927 1349 1004 1359 —
1048 1312 1159 1377 sed
1196 1313 1361 1378 nihil
1399 1335 1563 1398 opus
1602 1316 1702 1376 est
1735 1313 1982 1396 reliqua
2019 1313 2313 1377 scribere.
2387 1312 2488 1377 Ex
2524 1314 2761 1397 primis

417 1408 531 1468 aut
576 1424 899 1468 summum
948 1401 1244 1467 secundis
1289 1402 1525 1467 litteris
1571 1402 1701 1465 tuis
1748 1402 2139 1466 constituere
2184 1401 2555 1485 poterimus,
2601 1401 2761 1485 quid

414 1492 605 1557 nobis
643 1491 1010 1556 faciendum
1049 1491 1162 1555 sit:
1204 1493 1278 1554 tu
1315 1491 1510 1556 modo
1548 1490 1629 1555 ad
1658 1512 1761 1553 me
1791 1491 1983 1555 velim
2012 1491 2232 1555 omnia
2259 1490 2762 1574 diligentissime

399 1581 792 1666 perscribas,
838 1581 963 1645 etsi
1000 1579 1211 1663 magis
1249 1580 1379 1644 iam
1417 1602 1550 1644 rem
1593 1601 1786 1663 quam
1827 1579 2082 1644 litteras
2122 1579 2325 1644 debeo
2364 1583 2763 1663 exspectare.

404 1670 601 1753 Oura,
657 1673 733 1733 ut
786 1669 1006 1734 valeas
1065 1672 1131 1733 et
1188 1668 1284 1733 ita
1339 1668 1461 1732 tibi
1516 1667 1931 1752 persuadeas,
1986 1667 2147 1732 mihi
2201 1673 2267 1732 te
2323 1669 2534 1733 carius
2587 1668 2763 1732 nihil

407 1780 545 1844 esse
592 1780 712 1823 nec
749 1779 1034 1843 unquam
1070 1757 1287 1823 fuisse.
1368 1757 1553 1840 Vale,
1603 1778 1747 1822 mea
1783 1756 2102 1841 Terentia,
2148 1779 2340 1841 quam
2381 1777 2502 1841 ego
2540 1757 2766 1822 videre

404 1848 652 1913 videor:
697 1848 917 1930 itaque
963 1846 1272 1910 debilitor
1314 1847 1619 1933 lacrimis.
1693 1844 1874 1914 Vale.
1944 1843 2048 1910 Pr.
2094 1844 2239 1910 Kal.
2284 1845 2438 1911 Dec.

1342 2163 1697 2229 EmswLA
1749 2163 1824 2228 V.

1296 2302 1406 2373 (Ad
1442 2302 1576 2356 fam.
1614 2301 1761 2358 XIV.
1799 2302 1873 2371 5.)

978 2445 1281 2501 TULLIUS
1321 2443 1376 2499 S.
1415 2443 1482 2499 D.
1522 2439 1940 2498 TERENTIAE
1981 2442 2188 2498 SUAE.

591 2592 659 2659 Si
713 2598 787 2658 tu
844 2596 909 2657 et
953 2591 1197 2673 Tullia,
1251 2592 1361 2655 lux
1414 2593 1670 2673 nostra,
1723 2588 1982 2671 valetis,
2039 2610 2161 2674 ego
2219 2593 2286 2653 et
2333 2590 2766 2656 suavissimus

414 2683 636 2749 Cicero
693 2683 1000 2748 valemus.
1090 2679 1198 2744 Pr.
1255 2679 1409 2744 Idus
1465 2678 1604 2743 Oct.
1660 2678 1958 2742 Athenas
2012 2678 2329 2760 venimus,
2396 2700 2542 2743 cum
2603 2702 2767 2744 sane

415 2772 703 2838 adversis
750 2771 964 2835 ventis
1010 2770 1115 2834 usi
1160 2790 1445 2833 essemus
1490 2767 1801 2851 tardeque
1848 2770 1914 2830 et
1950 2766 2352 2832 incommode
2387 2769 2773 2854 navigasse-

486 3022 537 3070 4.
575 3015 834 3071 continuo
897 3009 1321 3082 unverzfiglich‚
1372 3026 1538 3067 wenn

417 3089 592 3142 etwas
638 3083 841 3155 gesche
885 3101 954 3139 en
997 3085 1089 3139 ist.
1132 3114 1198 3124 -
1235 3083 1407 3137 initia
1454 3099 1537 3136 re-

416 3158 564 3229 rum]
622 3157 714 3211 die
770 3157 957 3210 ersten
1003 3153 1276 3220 Schritte‚
1335 3153 1424 3207 die
1469 3172 1539 3207 zu

417 3229 609 3284 seinen
665 3227 916 3282 Gunsten
969 3225 1302 3294 geschehen.
1357 3255 1421 3264 —
1477 3242 1538 3279 eo

415 3299 657 3370 nomine]
689 3297 943 3364 deshalb‚
971 3297 1078 3352 wie
1109 3303 1192 3351 12.
1224 3299 1284 3360 ὃς
1323 3296 1437 3364 vgl.
1466 3294 1537 3350 Π.

421 3378 503 3427 19.
538 3378 583 3425 1.
612 3388 667 3425 11.
690 3370 783 3424 IV.
810 3373 890 3424 15.
915 3374 964 3425 ὅ.
993 3399 1061 3407 -
1092 3368 1309 3423 inimici
1335 3367 1537 3438 nostro]

415 3442 724 3497 verbannte
754 3439 1124 3509 Catilinarier,
1161 3437 1375 3493 welche
1414 3436 1536 3491 sich

418 3532 492 3569 an
556 3513 656 3568 der
719 3511 1109 3582 griechischen
1172 3509 1349 3564 Kfiste
1415 3509 1535 3564 auf-

416 3586 647 3640 hielten.
687 3614 756 3623 —
792 3585 857 3637 in
891 3582 1160 3653 Epirum]
1199 3599 1267 3634 zu
1293 3579 1533 3635 Atticus.

491 3679 539 3730 5.
577 3672 742 3728 istius
777 3671 980 3741 oneris]
1011 3669 1110 3723 der
1138 3668 1396 3738 dortigen
1425 3670 1535 3737 (wo

419 3745 496 3799 du
539 3744 674 3812 bist)
719 3742 946 3798 Mfihen.
984 3771 1051 3781 —
1088 3742 1180 3795 sin
1223 3746 1403 3795 autem
1440 3739 1535 3810 —]

419 3818 528 3871 den
540 3810 981 3869 unterdn’ickten
997 3811 1303 3866 Gedanken
1322 3809 1538 3880 spricht

420 3905 480 3943 61·
514 3887 582 3940 ΙΙ.
622 3890 672 3940 8.
714 3890 743 3938 1
784 3902 857 3939 an
892 3883 1117 3939 Atticus
1163 3883 1373 3938 offener
1418 3898 1533 3936 aus.

420 3988 489 3999 —
517 3958 693 4026 mayis
718 3957 834 4011 iam
859 3955 997 4038 rem]
1026 3953 1250 4009 obwohl
1277 3954 1370 4007 die
1397 3951 1536 4007 Ent-

421 4027 732 4098 scheidung
776 4028 876 4081 der
911 4026 1094 4096 Dinge
1142 4040 1204 4078 so
1250 4025 1397 4078 nahe
1443 4024 1540 4090 ist,

423 4098 545 4154 dass
608 4098 703 4152 ich
765 4098 924 4152 mehr
988 4097 1141 4152 diese
1198 4095 1398 4163 selbst,
1454 4094 1540 4148 als

423 4168 807 4224 Nachrichten
868 4170 1007 4224 fiber
1062 4167 1172 4222 den
1225 4166 1390 4236 Gang
1442 4167 1542 4221 der

424 4241 608 4309 Dinge
646 4241 920 4295 erwarten
953 4237 1117 4295 muss.

493 4364 669 4419 Eme-r.
690 4363 758 4419 V.
778 4367 920 4432 (704.
940 4364 1054 4434 50.)
1088 4362 1283 4418 Cicero
1321 4361 1541 4416 schrieb

423 4437 617 4493 diesen
653 4434 811 4490 Brief
843 4433 946 4489 auf
976 4433 1075 4489 der
1103 4434 1404 4488 Rfickreise
1441 4448 1542 4487 aus

1645 3010 1881 3066 Cilicien
1909 3010 1971 3065 in
1988 3009 2194 3080 Athen,
2223 3027 2308 3066 wo
2330 3027 2389 3065 er
2409 3028 2497 3067 am
2524 3018 2605 3067 14.
2631 3011 2766 3069 okt.

1644 3081 1868 3150 ankam,
1906 3081 2181 3136 nachdem
2220 3099 2282 3137 er
2318 3100 2411 3138 am
2450 3089 2499 3138 1.
2538 3083 2666 3139 Okt.
2693 3102 2769 3138 zu

1643 3151 1900 3221 Ephesus
1927 3154 1985 3207 in
2015 3151 2117 3207 See
2144 3169 2458 3224 gegangen.
2499 3154 2771 3209 Terentia

1646 3241 1763 3279 war
1800 3223 2017 3279 damals
2052 3222 2114 3276 in
2146 3223 2309 3292 Rom,
2347 3225 2769 3295 beabsichtigte

1646 3295 1785 3350 aber
1838 3296 1966 3349 dem
2019 3293 2499 3351 heimkehrenden
2554 3298 2770 3352 Gatten

1648 3367 1928 3436 entgegen
1963 3385 2029 3420 zu
2066 3366 2268 3434 gehen.

1719 3445 1766 3492 1.
1804 3439 1855 3492 si
1891 3479 1902 3490 .
1947 3478 1957 3490 .
1998 3478 2010 3490 .
2047 3437 2313 3520 valemus]
2356 3436 2443 3491 Im
2469 3437 2770 3507 Eingange

1644 3525 1712 3561 zu
1747 3507 1901 3563 Fam.
1939 3507 2085 3563 XIV.
2118 3512 2184 3561 14
2221 3508 2392 3562 heisst
2428 3526 2489 3564 es
2527 3509 2771 3565 ebenso:

1644 3579 1711 3633 Si
1736 3596 1830 3635 vos
1848 3580 2067 3646 valetis,
2087 3595 2188 3633 nos
2200 3580 2458 3634 valemus.
2496 3579 2609 3634 Der
2627 3579 2773 3635 Sinn

1644 3649 1830 3705 dieser
1865 3649 2084 3706 Formel
2124 3651 2342 3718 ergiebt
2378 3649 2500 3705 sich
2527 3667 2627 3705 aus
2656 3651 2774 3706 den

1646 3721 2085 3776 Schlussworten
2104 3720 2203 3775 des
2221 3720 2358 3791 folg.
2378 3722 2607 3778 Briefes.
2637 3721 2771 3791 Vgl.

1645 3794 1790 3846 auch
1825 3792 1867 3847 I.
1904 3797 1988 3848 18.
2020 3798 2088 3847 46
2128 3791 2266 3848 extr.
2305 3822 2375 3833 —
2410 3795 2777 3848 suavissimus

1645 3863 1855 3935 Cicero]
1881 3862 2073 3917 Cicero
2101 3864 2260 3917 hatte
2291 3863 2481 3918 seinen
2503 3863 2658 3920 Sohn
2679 3864 2776 3919 bei

1645 3934 1782 4002 sich,
1812 3943 1911 3990 der
1936 3935 2058 3988 ihm
2086 3934 2193 3988 mit
2218 3933 2347 3988 dem
2368 3934 2554 3989 Sohne
2586 3935 2776 3991 seines

1645 4004 1887 4061 Bruders
1926 4005 2165 4072 Quintus
2218 4007 2363 4060 nach
2401 4005 2637 4062 Cilicien
2674 4024 2778 4075 ge-

1646 4077 1795 4146 folgt
1862 4092 1995 4131 war.
2062 4106 2130 4117 —
2195 4075 2302 4130 Die
2369 4076 2777 4133 unmittelbare

1646 4146 2016 4217 Verbindung
2034 4147 2301 4202 lobender
2320 4146 2456 4202 oder
2474 4148 2778 4204 tadelnder

1649 4216 1937 4273 Attribute
1990 4218 2098 4273 mit
2149 4217 2536 4287 Eigennamen
2595 4218 2778 4274 findet

1650 4289 1771 4343 sich
1792 4288 1879 4344 0st
1895 4289 1956 4344 in
1975 4290 2076 4344 der
2093 4288 2410 4344 familiaren
2429 4289 2776 4345 Redeweise.

1649 4360 1780 4430 vgl.
1812 4367 1841 4426 ς
1871 4367 1931 4425 2ς
1969 4362 2011 4416 1.
2043 4367 2089 4417 ⁷.
2121 4366 2180 4426 33
2219 4367 2286 4415 ee
2317 4350 2611 4416 Uberschr.
2666 4360 2779 4416 Die

1650 4432 1879 4502 regelm.
1909 4432 2275 4500 Verbindung
2303 4433 2344 4485 I.
2379 4437 2425 4488 1.
2455 4438 2487 4486 6
2514 4449 2568 4488 u.
2598 4436 2779 4489 sonst.
