3000 4917
428 204 559 268 228
1190 202 1324 258 LIB.
1364 202 1457 259 1V.
1520 202 1747 257 EPIST.
1791 208 2014 257 12-14.
2968 156 2977 337 1

428 368 695 452 poribus
751 366 1151 432 difficillimis
1205 366 1301 430 rei
1355 365 1652 449 publicae
1709 365 2015 450 quidquid
2070 365 2444 429 subveneris
2456 416 2472 449 ‚
2528 366 2594 430 id
2654 367 2795 430 erit

430 461 644 521 totum
680 460 746 520 et
782 456 1115 540 proprium
1151 458 1355 518 tuum.
1416 454 1804 521 Incredibile
1842 458 1943 519 est
1980 454 2268 519 omnium
2306 455 2547 518 civium
2581 456 2799 518 latro-

433 546 626 609 nibus
665 546 949 628 exceptis
987 544 1203 609 odium
1247 544 1316 607 in
1358 543 1734 624 Antonium,
1779 563 2018 625 magna
2056 565 2203 627 spes
2241 543 2310 606 in
2349 546 2414 607 te
2455 548 2520 607 et
2558 544 2629 607 in
2670 548 2798 608 tuo

432 634 735 717 exercitu,
772 654 1012 717 magna
1048 631 1464 716 exspectatio,
1502 632 1703 717 cuius,
1738 654 1852 716 per
1890 631 2069 696 deos!
2120 631 2368 716 gratiae
2408 631 2798 716 gloriaeque

432 745 585 787 cave
621 726 878 807 tempus
916 722 1198 786 amittas.
1261 717 1367 785 Sic
1396 742 1647 798 moneo,
1685 724 1758 785 ut
1792 721 2015 799 filium,
2059 720 2152 785 sic
2192 720 2450 803 suade0,
2489 724 2563 785 ut
2599 721 2800 804 mihi,

431 812 524 876 sic
569 811 823 894 hortor,
870 814 945 876 ut
989 813 1055 874 et
1100 832 1219 895 pro
1267 809 1483 893 patria
1530 813 1597 873 et
1641 808 2125 874 amicissimum.

1307 1022 1664 1086 EPISTULA
1710 1020 1889 1084 XIII.

1352 1141 1460 1210 (Ad
1496 1142 1631 1196 fam.
1670 1140 1737 1195 X.
1778 1147 1850 1211 6.)

1226 1265 1556 1321 CICERO
1612 1264 1982 1321 PLANCO.

376 1383 411 1445 1
614 1377 792 1453 Quae
849 1378 1102 1442 locutus
1159 1378 1260 1440 est
1313 1376 1590 1440 Furnius
1645 1380 1868 1441 noster
1924 1376 2001 1440 de
2069 1377 2285 1442 animo
2346 1379 2463 1440 tuo
2518 1377 2591 1440 in
2649 1400 2803 1442 rem

435 1466 782 1551 publicam,
821 1487 897 1530 ea
933 1465 1309 1550 gratissima
1345 1465 1608 1530 fuerunt
1645 1466 1916 1549 senatui,
1953 1466 2192 1549 populo
2222 1465 2521 1530 Romano
2551 1468 2802 1549 proba-

432 1555 719 1639 tissima3
776 1577 939 1639 quae
999 1559 1216 1618 autem
1260 1555 1569 1619 recitatae
1616 1554 1879 1619 litterae
1926 1562 2075 1618 sunt
2119 1555 2190 1618 in
2236 1558 2493 1639 senatu,
2554 1576 2803 1638 nequa-

436 1667 630 1730 quam
685 1643 1052 1708 consent-ire
1106 1664 1251 1707 cum
1296 1642 1521 1707 Furnii
1577 1643 1866 1708 oratione
1921 1643 2099 1707 visae
2156 1648 2331 1726 sunt3
2385 1643 2566 1727 pacis
2614 1645 2802 1709 enim

440 1738 665 1798 auctor
719 1755 889 1816 eras,
946 1754 1090 1796 cum
1148 1732 1400 1817 collega
1445 1735 1627 1812 tuus,
1683 1732 1782 1795 vir
1828 1732 2252 1816 clarissimae,
2307 1753 2346 1795 a
2388 1731 2801 1799 foedissimis

440 1823 803 1887 latronibus
870 1821 1302 1903 obsideretur,
1366 1820 1477 1904 qui
1544 1825 1656 1884 aut
1718 1820 1952 1903 positis
2018 1821 2215 1885 armis
2278 1842 2501 1904 pacem
2568 1827 2801 1904 petere

441 1912 676 1976 debent
738 1915 878 1993 aut,
945 1910 1000 1973 si
1055 1913 1424 1994 pugnantes
1481 1930 1625 1972 eam
1681 1910 2042 1992 postulant,
2105 1909 2378 1974 victoria
2441 1931 2595 1992 pax,
2665 1934 2802 1976 non

440 2000 742 2083 pactione
799 1999 1108 2083 parienda
1167 2002 1283 2062 est.
1373 1996 1495 2062 Sed
1556 1998 1632 2062 de
1692 2020 1851 2082 pace
1916 1998 2171 2062 litterae
2237 2000 2339 2062 vel
2393 1997 2620 2081 Lepidi
2692 2001 2802 2064 vel

442 2095 594 2152 tuae
640 2110 833 2170 quam
877 2087 946 2151 in
983 2091 1238 2171 partem
1277 2092 1578 2171 acceptae
1618 2086 1766 2168 sint,
1812 2108 1886 2151 ex
1925 2087 2064 2151 viro
2104 2088 2371 2171 optimc,
2413 2086 2618 2153 fratre
2657 2093 2801 2170 tuo,

380 2179 422 2242 2
445 2181 510 2242 et
574 2199 651 2240 ex
709 2175 778 2242 C.
834 2174 1075 2240 Furnio
1130 2176 1375 2258 poteris
1432 2197 1835 2259 cognoscere.
1934 2175 2039 2240 Me
2105 2179 2319 2240 autem
2373 2175 2638 2259 impulit
2697 2180 2800 2242 tui

445 2265 699 2343 caritaS,
744 2268 836 2346 ut,
882 2286 1272 2350 quamquam
1315 2286 1432 2327 nec
1468 2264 1594 2328 tibi
1629 2264 1758 2347 ipsi
1795 2264 2134 2329 consilium
2176 2265 2428 2329 deesset
2464 2270 2531 2328 et
2565 2267 2799 2332 fratris

440 2353 796 2437 Furniique
852 2353 1300 2418 benevolentia
1355 2353 1689 2436 fidelisque
1744 2353 2086 2437 prudentia
2138 2353 2263 2418 tibi
2309 2359 2571 2437 praesto
2616 2362 2802 2420 esset

440 2444 691 2525 futura,
747 2444 976 2507 vellem
1033 2446 1253 2507 tamen
1308 2464 1490 2506 meae
1546 2462 1798 2526 quoque
1855 2442 2262 2506 auctoritatis
2318 2464 2436 2526 pro
2490 2444 2798 2526 plurimis

441 2533 685 2597 nostris
743 2530 1323 2596 necessitudinibus
1380 2535 1794 2615 praeceptum
1848 2531 1929 2595 ad
1983 2534 2049 2595 te
2110 2531 2373 2616 aliquod
2437 2533 2796 2614 pervenire.

444 2619 647 2685 Crede
684 2620 886 2705 igitur
923 2619 1103 2701 mihi,
1139 2620 1395 2696 Plance,
1433 2641 1678 2702 omnes,
1724 2641 1885 2703 quos
1925 2618 2135 2684 adhuc
2172 2619 2408 2704 gradus
2449 2620 2803 2704 dignitatis

443 2717 826 2775 consecutus
876 2710 964 2772 sis
1029 2745 1103 2754 —
1172 2730 1239 2771 es
1288 2712 1502 2772 autem
1552 2707 1822 2790 adeptus
1870 2708 2308 2790 amplissimos
2354 2746 2461 2792 —,
2517 2731 2626 2774 eos
2677 2711 2802 2775 ho-

442 2820 675 2863 norum
722 2797 1033 2863 vocabula
1076 2796 1434 2880 habituros,
1480 2818 1615 2860 non
1652 2797 1990 2881 dignitatis
2028 2797 2327 2882 insignia,
2372 2797 2502 2862 nisi
2537 2803 2601 2862 te
2641 2820 2800 2864 cum

442 2955 715 3023 quidquid
759 2955 908 3009 subv
973 2952 1113 3008 fiber
1150 2954 1258 3008 den
1293 2953 1424 3008 Acc.
1463 2954 1560 3006 des

443 3024 747 3078 Neutrums
777 3043 818 3080 s.
849 3044 892 3080 z
979 3025 1018 3079 Ι.
1042 3031 1124 3079 16.
1147 3030 1195 3078 2.
1255 3025 1358 3079 Die
1385 3041 1562 3104 ganze

448 3096 624 3150 Stelle
662 3096 880 3150 euthalt
915 3097 1038 3150 eine
1073 3095 1563 3164 Zurechtweisung

444 3166 535 3221 ffir
582 3166 673 3221 die
710 3167 906 3220 Worte
952 3167 1050 3221 des
1091 3167 1330 3220 Plancus
1367 3172 1396 3231 ξ
1433 3172 1466 3219 2
1508 3165 1561 3219 d

442 3255 558 3294 vor.
607 3239 727 3291 Br.:
784 3253 1133 3308 quaecunque
1185 3239 1250 3291 in
1291 3254 1373 3291 me
1418 3238 1562 3291 bona

442 3315 573 3364 sunt
625 3315 716 3364 etc.
758 3340 824 3348 —
857 3311 1148 3378 proprium
1205 3308 1381 3378 tuum]
1427 3324 1560 3377 pro·

1668 2952 1973 3023 mittelung
2036 2955 2133 3008 des
2188 2954 2453 3022 Furnius,
2519 2955 2619 3008 der
2691 2957 2801 3011 mit

1669 3025 1780 3078 den
1835 3024 2145 3094 Austragen
2200 3025 2298 3079 des
2350 3024 2589 3080 Plancus
2648 3029 2805 3083 nach

1668 3094 1813 3150 Rom
1878 3094 2228 3164 gekommen.
2318 3094 2407 3149 Da
2461 3097 2563 3150 der
2615 3096 2805 3169 Legat

1670 3168 1809 3220 fiber
1846 3166 1953 3220 den
1974 3165 2209 3220 Verlauf
2234 3166 2334 3220 der
2352 3168 2534 3247 Dinge
2565 3169 2623 3222 in
2648 3170 2801 3224 Rom

1671 3237 1909 3291 Plancus
1936 3236 2228 3291 mfindlich
2247 3235 2477 3292 Bericht
2504 3240 2804 3296 abstatten

1666 3307 1904 3373 konnte‚
1952 3325 2014 3362 so
2057 3309 2400 3363 beschrankt
2436 3309 2559 3363 sich
2597 3310 2801 3367 Cicero

435 3381 600 3451 prius
646 3380 823 3434 neben
875 3380 998 3434 dem
1045 3379 1209 3433 Pron.
1259 3394 1404 3448 poss.
1456 3378 1561 3432 wie

442 3453 828 3507 1.4.1.mea
855 3467 1108 3519 propr-ca,
1146 3449 1252 3503 mit
1289 3450 1561 3503 selbstan-

443 3524 603 3592 diget
688 3521 1019 3591 Bedeutung
1105 3520 1563 3591 „cigentumlich,

444 3592 817 3663 personlich.“
889 3591 997 3646 Pro
1034 3592 1203 3645 Marc.
1233 3591 1300 3646 II.
1332 3597 1390 3644 7:
1427 3592 1562 3660 quin

445 3665 651 3718 etiam.
683 3662 1045 3718 ,Fortwnam
1121 3668 1314 3717 ,tuam
1351 3679 1458 3716 esse
1485 3668 1564 3717 to-

445 3742 559 3790 tam
613 3740 662 3790 et
710 3735 999 3817 propriam
1052 3734 1270 3799 fatetur.
1344 3733 1564 3788 Andere

444 3808 600 3861 lesen
643 3808 866 3875 proprie
910 3811 1065 3859 tuum
1110 3805 1223 3858 und
1259 3804 1565 3859 verweisen

445 3877 548 3931 auf
567 3876 662 3932 III.
696 3882 775 3930 10.
808 3882 836 3929 1
867 3895 919 3931 u.
946 3875 1040 3930 IV.
1070 3882 1155 3931 20.
1178 3882 1225 3931 8.
1250 3907 1314 3916 --
1338 3877 1565 3930 latroni-

446 3950 547 4003 bus
629 3946 721 4001 die
766 3946 1073 4016 Anhanger
1127 3948 1225 4001 des
1271 3946 1564 4001 Antonius.

563 4038 692 4072 Prs‘r.
750 4018 896 4075 XIII.
953 4021 1096 4089 (711.
1144 4018 1254 4087 43.)
1326 4016 1562 4071 Plancus

443 4089 561 4143 und
578 4089 824 4158 Lepidus
844 4090 1042 4144 hatten
1062 4107 1189 4143 zum
1203 4087 1437 4143 Frieden
1456 4088 1564 4141 mit

444 4161 721 4214 Antonius
777 4163 1008 4229 geraten
1054 4161 1168 4213 und
1213 4159 1302 4213 ihr
1347 4159 1563 4214 Schrei-

444 4230 555 4282 ben
609 4231 797 4284 wurde
853 4248 940 4284 am
999 4236 1084 4287 20.
1134 4230 1287 4284 Marz
1340 4230 1419 4284 im
1467 4231 1561 4285 Se·

447 4300 580 4376 nate
617 4298 886 4354 verlesen.
943 4302 1031 4355 An
1060 4301 1379 4356 demselben
1406 4302 1562 4370 Tage

450 4383 589 4435 ging
645 4367 825 4422 dieser
870 4369 1027 4425 Brief
1074 4371 1146 4426 ab
1196 4371 1369 4426 durch
1426 4370 1562 4426 Ver-

1668 3381 1726 3432 in
1782 3379 1994 3433 diesem
2039 3378 2224 3435 Briefe
2281 3378 2379 3434 auf
2421 3381 2801 3438 wieder-holte

1669 3450 2119 3519 Ermahnungen.

1744 3528 1790 3575 1.
1834 3521 1984 3591 Quae
2011 3523 2223 3576 locutus
2249 3523 2347 3593 est]
2387 3521 2568 3577 Einen
2595 3523 2809 3579 Brief

1669 3608 1781 3647 von
1808 3592 2047 3647 Plancus
2084 3593 2243 3648 hatte
2270 3593 2509 3647 Furnius
2548 3595 2676 3650 also
2711 3596 2802 3651 Ci-

1673 3678 1799 3717 cero
1857 3664 2016 3717 nicht
2067 3665 2422 3718 fiberbracht.
2473 3696 2540 3704 —
2586 3668 2807 3736 collega

1671 3732 1928 3805 tuusJ1m
1949 3734 2240 3801 Konsulat‚
2271 3734 2327 3789 d.
2344 3734 2382 3790 i.
2403 3735 2536 3790 Dec.
2556 3737 2806 3807 Brutus·

1673 3824 1715 3861 s.
1765 3824 1808 3858 z.
1860 3804 1953 3861 IV.
2000 3812 2140 3860 9.1.
2188 3835 2254 3847 -—
2303 3807 2634 3878 latronibus]
2694 3810 2809 3866 wie

1670 3877 1746 3930 im
1787 3894 1902 3931 vor.
1940 3877 2028 3932 Br.
2059 3883 2090 3943 5
2121 3883 2168 3932 3.
2209 3907 2278 3917 —
2313 3878 2489 3945 fratre
2522 3881 2645 3949 tuo]
2696 3880 2806 3935 Cn.

1672 3946 1956 4001 Munatius
1976 3947 2233 4015 Plancus,
2262 3949 2361 4003 der
2386 3952 2551 4003 unter
2578 3952 2811 4007 seinem

1668 4019 1882 4073 Bruder
1917 4018 1973 4072 in
2012 4018 2234 4084 Gallien
2273 4018 2478 4076 diente.

1743 4095 1792 4143 2.
1856 4106 1945 4145 eos
1988 4134 2000 4146 .
2044 4134 2057 4145 .
2094 4091 2402 4160 habitu-ros]
2476 4108 2564 4146 eos
2625 4095 2814 4150 weist

1670 4161 1817 4214 nach
1828 4161 1954 4214 dem
1964 4160 2404 4216 Zwischensatze
2412 4162 2811 4218 nachdrucks-

1669 4231 1788 4287 voll
1816 4231 1920 4285 auf
1951 4248 2133 4288 onmes
2156 4234 2365 4300 yradus
2399 4234 2621 4289 zurfick.
2690 4236 2815 4291 Der

1673 4302 1809 4356 Sinn
1842 4302 1944 4357 ist:
1992 4302 2120 4357 Alle
2161 4303 2426 4372 Wflrden,
2463 4302 2557 4359 die
2594 4306 2677 4360 du
2721 4325 2813 4362 er·

1670 4373 1851 4443 langt‚
1892 4374 2115 4430 werden
2148 4392 2257 4430 nur
2294 4374 2385 4430 die
2422 4374 2609 4431 leeren
2638 4378 2813 4434 Titel
