3000 4917
437 213 568 277 248
1210 212 1347 267 ΠΒ.
1386 211 1482 266 IV.
1549 210 1770 266 EPIST.
1811 218 1897 268 25.
1934 217 2022 267 26.

1303 426 1665 493 EPISTULA
1719 425 1926 493 XXV.

1339 548 1449 616 (Ad
1485 547 1619 602 fam.
1658 548 1779 602 X11.
1823 549 1892 618 1.)

1244 670 1506 727 CICERO
1546 669 1794 726 CASSIO
1835 671 1988 726 SAL.

381 802 417 863 1
618 799 850 865 Finem
885 801 1135 864 nullam
1181 798 1368 882 facio,
1415 797 1580 861 mihi
1617 798 1820 881 crede,
1865 796 2071 883 Cassi,
2117 798 2194 862 de
2240 803 2305 862 te
2354 802 2420 863 et
2465 798 2544 863 de
2581 798 2800 865 Bruto

438 892 691 972 nost10‚
736 889 802 952 id
850 892 950 952 esi:
996 888 1072 951 de
1117 890 1261 952 tota
1304 908 1373 950 re
1420 886 1710 970 publica,
1757 887 2107 971 cogitandi,
2155 887 2336 952 cuius
2385 888 2594 951 omnis
2646 911 2800 972 spes

438 979 508 1042 in
564 978 749 1043 vobis
807 981 907 1041 est
963 980 1028 1040 et
1079 976 1149 1040 in
1205 975 1281 1040 D.
1338 974 1573 1056 Brut03
1635 996 1828 1060 quam
1883 975 2142 1058 quidem
2201 976 2332 1039 iam
2386 976 2597 1040 habeo
2658 979 2801 1061 ipse

437 1067 801 1148 meliorem,
866 1086 936 1129 re
990 1065 1247 1148 publica
1303 1085 1341 1127 a
1395 1062 1744 1127 Dolabella
1812 1085 1954 1128 meo
2019 1064 2535 1146 praeclarissime
2596 1071 2803 1148 gesta.

437 1154 755 1219 Manabat
821 1155 992 1217 enim
1056 1152 1218 1216 illud
1279 1153 1524 1215 malum
1587 1152 1909 1216 urbanum
1974 1156 2040 1215 et
2101 1151 2198 1216 ita
2254 1153 2803 1219 corroborabatur

437 1242 701 1321 cotidie,
775 1246 849 1306 ul:
912 1260 1035 1325 ego
1100 1241 1356 1323 quidem
1423 1245 1489 1304 et
1547 1241 1693 1304 urbi
1759 1242 1825 1303 et
1891 1241 2024 1304 otio
2090 1240 2445 1304 diffiderem
2512 1242 2797 1324 urban03

441 1332 552 1396 sed
615 1330 711 1395 ita
774 1350 1214 1414 compressum
1281 1331 1408 1409 est,
1480 1332 1556 1392 ut
1621 1327 1783 1391 mihi
1849 1329 2179 1392 videamur
2249 1350 2437 1392 omne
2513 1330 2652 1393 iam
2717 1331 2799 1394 ad

437 1423 696 1503 tempus
772 1418 853 1482 ab
919 1417 1032 1481 illo
1098 1418 1432 1481 dumtaxat
1497 1415 1939 1481 sordidissimo
2009 1417 2294 1500 periculo
2368 1418 2498 1481 tuti
2573 1418 2798 1483 futuri.

437 1507 714 1590 Reliqua
769 1526 1009 1591 magna
1065 1509 1216 1570 sunt
1273 1527 1346 1569 ac
1405 1506 1639 1589 multa,
1703 1504 1815 1569 sed
1878 1506 2095 1588 posita
2160 1505 2379 1569 omnia
2443 1506 2511 1569 in
2573 1507 2791 1572 vobis:

439 1617 832 1681 quamquam
877 1596 1160 1678 primum
1208 1593 1488 1678 quidque
1539 1593 1943 1676 explicemus.

615 1683 806 1766 Nam,
833 1686 908 1747 ut
936 1682 1144 1747 adhuc
1173 1682 1430 1766 quidem
1460 1685 1677 1746 actum
1707 1684 1824 1765 est,
1853 1702 1980 1746 non
1999 1703 2202 1767 regno
2225 1681 2335 1746 sed
2355 1703 2508 1767 rege
2529 1683 2797 1748 liberati

436 1771 755 1857 videmur3
783 1771 1127 1855 interfeclgo
1163 1772 1333 1835 enim
1361 1791 1514 1856 rege
1534 1770 1749 1854 regios
1770 1791 1992 1835 omnes
2022 1773 2218 1834 nutus
2240 1774 2515 1834 tuemur.
2566 1769 2796 1856 Neque

437 1883 592 1925 vero
630 1861 695 1925 id
734 1862 961 1939 solum,
999 1860 1111 1924 sed
1150 1860 1365 1942 etiam,
1406 1881 1570 1944 quae
1607 1860 1748 1943 ipse
1785 1859 1914 1941 ille,
1961 1859 2017 1922 si
2052 1859 2316 1942 viveret,
2361 1881 2496 1923 non
2534 1861 2795 1943 faceret,

444 1971 520 2013 ea
557 1971 678 2015 nos
717 1949 903 2033 quasi
949 1949 1238 2033 cogitata
1287 1949 1368 2012 ab
1416 1948 1530 2012 illo
1577 1947 1949 2030 probamus,
2023 1947 2162 2011 Nec
2209 1948 2346 2010 eius
2395 1948 2659 2031 quidem
2703 1950 2797 2013 rei

439 2038 638 2102 finem
695 2037 911 2101 video:
976 2038 1240 2101 tabulae
1296 2037 1612 2122 figuntur3
1672 2037 2113 2100 immunitates
2172 2034 2429 2120 dantur3
2485 2038 2797 2120 pecuniae

442 2126 760 2190 maximae
825 2126 1301 2210 describunssur3
1367 2124 1621 2189 exsules
1684 2125 2097 2207 reducuntur3
2170 2129 2431 2188 senatus
2498 2128 2798 2190 consulta

439 2213 606 2278 falsa
662 2213 1066 2278 deferuntur:
1122 2218 1196 2277 ut
1246 2213 1697 2278 tantummodo
1745 2213 1962 2278 odium
2011 2212 2173 2276 illud
2218 2213 2506 2277 hominis
2556 2215 2795 2298 impuri

508 2388 687 2442 Emer.
727 2387 899 2442 XXV.
932 2388 1073 2457 (710.
1104 2390 1215 2455 44.)
1254 2387 1366 2442 Der
1401 2386 1562 2442 Brief

437 2460 514 2515 ist
547 2457 775 2527 Anfang
811 2457 927 2513 Mai
961 2458 1345 2528 geschrieben.

511 2606 560 2654 1.
607 2600 814 2669 Bruto]
864 2601 940 2653 Μ.
986 2599 1184 2654 Junius
1231 2601 1450 2655 Brulzus.
1492 2630 1559 2639 —

436 2671 733 2726 Dolabella
793 2671 1096 2740 Anhanger
1125 2669 1326 2726 Oasars
1365 2672 1563 2726 habten

440 2741 542 2796 auf
589 2742 688 2797 der
773 2742 933 2810 telle,
978 2758 1064 2796 wo
1104 2741 1223 2796 sein
1259 2741 1564 2796 Leichnam

440 2813 743 2867 verbrannb
779 2813 1022 2879 worden,
1060 2812 1183 2867 eine
1213 2811 1559 2867 Ehrensaule

441 2882 738 2950 errichtet3
787 2884 939 2938 diese
976 2883 1104 2938 liess
1141 2883 1439 2939 Dolabella
1475 2882 1559 2937 als

439 2952 572 3009 Kos.
588 2957 907 3009 umsbfirzen
925 2955 1040 3008 und
1060 2955 1287 3010 verfuhr
1303 2954 1561 3023 zugleich

441 3024 875 3104 unnachsichtig
939 3042 1121 3095 gegen
1186 3025 1276 3080 die
1339 3025 1560 3079 Unruh-

443 3092 647 3160 auster,
678 3093 769 3148 die
800 3112 860 3149 er
886 3096 1204 3151 hinrichten
1232 3095 1373 3151 liess.
1416 3095 1560 3150 Phil.

441 3166 484 3218 I.
515 3169 564 3218 2.
604 3135 660 3218 5⁹2
701 3165 869 3231 Nam,
907 3183 1028 3221 cum
1062 3173 1296 3236 serperet
1328 3169 1394 3222 in
1428 3169 1563 3221 urbe

441 3236 729 3303 infinitum
763 3209 988 3303 malum,
1024 3238 1186 3306 idque
1221 3244 1472 3293 manaret
1499 3239 1564 3292 in

447 3308 563 3362 dies
592 3308 780 3374 latius,
816 3310 1082 3378 iidemque
1110 3309 1323 3363 bustam
1348 3310 1413 3362 in
1439 3309 1564 3375 foro

440 3379 702 3446 facerent,
713 3381 828 3447 qui
854 3380 1010 3434 illam
1037 3380 1369 3448 insepultam
1386 3380 1565 3446 sepul-

441 3454 627 3504 twram
681 3453 992 3517 effecerant,
1047 3456 1096 3504 et
1145 3451 1343 3504 cotidie
1386 3451 1564 3518 mayis

440 3522 721 3590 maqisque
765 3522 974 3588 perditi
1017 3522 1257 3575 homines
1302 3536 1425 3575 cum
1473 3521 1565 3574 sui

440 3591 715 3646 similibus
748 3592 917 3646 servis
951 3592 1105 3646 tectis
1141 3608 1206 3645 ac
1232 3592 1444 3660 templis
1468 3608 1564 3646 ur-

443 3662 529 3716 bis
582 3662 952 3728 minarentur,
997 3662 1129 3716 talis
1163 3663 1566 3717 animadversio

440 3732 556 3799 fuit
607 3732 929 3788 Dolabellae
1001 3749 1122 3788 cum
1195 3735 1259 3788 in
1330 3734 1567 3788 audaces

441 3803 828 3872 sceleratosque
870 3820 1077 3870 servos,
1121 3810 1237 3859 tum
1286 3805 1349 3859 in
1384 3806 1566 3873 impu-

442 3889 536 3929 ros
569 3879 620 3929 et
646 3875 891 3940 nefarios
920 3877 1128 3942 liberos,
1165 3877 1397 3944 talisque
1423 3891 1566 3930 ever-

441 3946 524 3999 sio
578 3950 885 4000 exsecratae
938 3947 1243 4014 columnae,
1304 3952 1370 4000 ut
1431 3946 1570 4000 mihi

442 4016 645 4070 mirum
672 4017 944 4083 videatur,
972 4023 1086 4071 tam
1113 4019 1270 4073 valde
1296 4018 1568 4085 reliquum

441 4090 654 4156 tempus
701 4088 770 4141 ab
818 4088 916 4141 illo
962 4104 1076 4142 uno
1112 4089 1201 4142 die
1237 4089 1565 4142 dissensisse.

445 4157 648 4224 Spater
694 4157 897 4211 dachte
942 4159 1058 4212 und
1095 4157 1362 4213 handelbe
1400 4158 1566 4212 Dola-

442 4225 598 4279 bella
615 4226 840 4293 anders3
867 4247 908 4282 s.
929 4229 1342 4285 obenVorbem.
1366 4228 1419 4283 S
1442 4234 1566 4284 247.

445 4323 515 4332 —
552 4295 951 4378 sordidissimo]
980 4299 1111 4353 weil
1136 4300 1256 4354 sich
1282 4317 1388 4354 nur
1407 4299 1567 4352 Skla-

445 4377 558 4416 ven
595 4365 709 4417 und
746 4364 846 4419 das
884 4368 1136 4438 niedrige
1162 4370 1314 4424 Volk
1345 4387 1418 4424 an
1456 4371 1567 4422 den

1667 2385 2290 2454 Unruhenbeteiligben.
2306 2388 2624 2455 ——primum
2640 2391 2794 2457 quid

1667 2458 1788 2528 que]
1799 2457 2189 2538 Jedesmaldas
2206 2459 2353 2512 erste
2359 2456 2588 2526 ,jedes
2620 2461 2795 2514 nach

1669 2534 1784 2583 der
1831 2529 2069 2595 Reihe,
2127 2526 2280 2582 eines
2327 2530 2473 2583 nach
2521 2530 2654 2584 dem
2700 2549 2793 2586 an

1670 2600 1822 2653 dern.
1863 2630 1930 2638 —
1968 2599 2144 2665 reqios
2180 2599 2376 2669 nutus]
2410 2600 2584 2669 jeden
2620 2602 2799 2659 Wink

1670 2670 1769 2724 des
1823 2668 2155 2724 Herrschers
2212 2669 2484 2740 (Casars),
2541 2673 2797 2727 welchen

1671 2741 1950 2795 Antonius
2017 2757 2086 2793 ex
2151 2741 2569 2796 commentariis
2637 2742 2792 2799 Caes.

1667 2813 1953 2866 entnahm.
2026 2809 2146 2865 Att.
2187 2810 2333 2866 XIV.
2368 2817 2451 2865 14.
2482 2819 2542 2867 2:
2582 2816 2798 2870 sublato

1667 2888 1908 2953 &stanno
1970 2883 2280 2937 trannida
2334 2900 2556 2938 manere
2618 2888 2791 2954 video,

1668 2971 1720 3008 u.
1770 2954 1885 3006 Att.
1935 2953 1985 3006 Χ
2018 2953 2082 3006 V.
2133 2959 2180 3007 9.
2221 2959 2279 3007 2:
2327 2954 2466 3008 vivit
2510 2960 2794 3025 tyrannis,

1668 3030 1943 3094 tyrannus
1990 3024 2201 3078 occidit.
2241 3054 2309 3063 —
2350 3027 2512 3093 quasi
2553 3031 2796 3096 coyitata

1669 3096 1739 3149 ab
1766 3094 1885 3164 illo]
1928 3093 2117 3148 Vieles
2150 3095 2341 3148 wurde
2374 3112 2485 3149 von
2514 3100 2796 3154 Antonius

1669 3164 2029 3219 falechlicher
2074 3164 2262 3219 Weise
2312 3181 2413 3220 aus
2466 3166 2579 3221 den
2624 3169 2796 3224 Kom-

1670 3235 1981 3291 mentarien
2040 3235 2238 3290 Casars
2304 3235 2389 3290 als
2447 3236 2797 3310 Anordnung

1672 3307 1965 3362 desselben
2015 3307 2405 3376 vorgebracht.
2457 3339 2525 3349 —
2575 3312 2799 3367 tabulae

1670 3366 1943 3448 fiuntur]
1975 3376 2029 3431 d.
2058 3377 2113 3430 h.
2143 3375 2345 3432 Tafeln
2373 3378 2481 3432 mit
2506 3379 2795 3437 Gesetzen.

1672 3447 1715 3501 P
1757 3448 1813 3502 il.
1843 3447 1908 3503 V.
1920 3378 1989 3502 ].4
2026 3453 2117 3502 11:
2156 3449 2393 3503 Decreta
2427 3451 2583 3516 falsa
2609 3455 2795 3508 vende-

1673 3521 1766 3574 bat
1796 3518 2142 3588 (Antonius)·
2179 3535 2370 3589 reyna,
2404 3522 2672 3588 civitates,
2700 3525 2797 3577 im·-

1670 3592 1966 3645 munitates
2027 3592 2090 3644 in
2145 3606 2234 3643 aes
2292 3593 2514 3660 accepta
2557 3595 2798 3661 pecunia

1673 3662 1895 3716 iubebat
1922 3662 2114 3716 incidi.
2171 3661 2329 3716 Haec
2357 3677 2412 3716 se
2440 3678 2506 3717 ex
2534 3680 2797 3720 commen·

1673 3734 1837 3786 tariis
1877 3731 2142 3799 Caesaris,
2182 3748 2412 3801 quorum
2448 3734 2566 3802 ipse
2603 3742 2796 3790 auctor

1674 3808 1808 3870 erat,
1845 3818 2003 3871 ayere
2038 3803 2402 3858 dicebat..
2440 3806 2796 3861 restitueban-

1675 3879 1770 3929 tur
1804 3875 2015 3927 exsules
2058 3875 2218 3942 quasi
2255 3875 2366 3944 leqe
2400 3876 2518 3929 sine
2555 3878 2682 3945 leye.
2729 3907 2793 3918 —

1676 3945 2082 4015 describuntur]
2140 3944 2367 3999 werden
2421 3950 2794 4016 angewiesen,

1673 4015 1917 4070 verteilt.
1976 4045 2042 4056 —
2099 4016 2446 4087 deferuntur]
2511 4017 2658 4072 Phil.
2727 4018 2792 4073 V.

1675 4091 1725 4141 4.
1783 4092 1873 4139 12.
1929 4092 2151 4140 senatus
2207 4088 2455 4142 consulta
2508 4106 2795 4157 nimquam

1674 4158 1828 4223 facta
1884 4158 1958 4211 ad
2005 4159 2348 4212 aerarium
2393 4159 2792 4225 deferebantur.

1673 4259 1745 4268 —
1780 4228 2017 4282 hominis
2051 4229 2282 4296 impuri]
2323 4228 2374 4281 d.
2414 4229 2450 4283 i.
2486 4229 2704 4285 Casars.
2727 4260 2793 4270 —

1675 4299 1862 4353 odium
1888 4299 2055 4368 illud]
2088 4298 2180 4353 die
2200 4299 2567 4368 Eigenschaft
2592 4301 2684 4355 fiir
2703 4300 2794 4356 die

1674 4369 1899 4436 Person,
1936 4370 2051 4438 vgl.
2090 4369 2183 4424 ΠΙ.
2223 4375 2309 4424 20.
2349 4375 2399 4425 2.
