3000 4917
263 219 429 275 DEC.
467 218 717 275 IUNIUS
756 218 1041 273 BRUTUS
1079 217 1410 275 ALBINUS.
1473 218 1534 272 L.
1573 219 1951 275 MUNATIUS
1987 220 2335 277 PLANCUS.
2408 221 2538 286 223

188 383 377 449 nium
434 384 688 467 quietus
744 382 864 465 fui,
920 382 1101 446 cuius
1154 384 1343 446 tanta
1389 386 1515 466 est,
1568 404 1704 447 non
1748 384 2098 449 insolentia
2145 421 2229 431 -
2275 408 2428 450 nam
2470 383 2540 451 id

189 473 450 558 quidem
506 473 778 557 vulgare
834 470 1065 534 vitium
1111 475 1212 534 est
1260 507 1373 556 -,
1429 471 1541 535 sed
1587 472 1986 551 immanitas,
2043 496 2175 538 non
2227 475 2420 539 modo
2466 476 2541 538 ut

191 584 439 645 vocem,
486 561 599 625 sed
643 583 726 624 ne
773 560 1022 624 vultum
1068 559 1327 643 quidem
1374 559 1649 624 liberum
1690 562 1904 644 possit
1937 562 2103 626 ferre
2142 564 2540 647 cuiusquam.

187 651 422 735 Itaque
470 650 632 714 mihi
678 648 998 712 maximae
1046 670 1235 712 curae
1284 651 1400 732 est,
1444 671 1577 713 non
1625 650 1703 713 de
1750 672 1894 713 mea
1936 650 2197 733 quidem
2233 652 2387 734 vita,
2434 654 2539 717 cui

190 740 482 804 satisfeci
528 738 633 804 vel
680 741 893 802 aetate
939 738 1041 801 vel
1086 736 1279 802 factis
1327 737 1458 819 vel,
1516 738 1572 801 si
1628 738 1781 821 quid
1837 739 2034 803 etiam
2089 739 2211 804 hoc
2267 740 2350 804 ad
2402 762 2540 804 rem

186 828 504 912 pertinet,
569 827 805 911 gloria,
871 824 983 890 sed
1046 847 1148 890 me
1214 826 1429 909 patria
1496 826 1809 891 sollicitat
1871 827 1940 891 in
2006 828 2386 913 primisque,
2452 829 2542 893 mi

189 916 452 999 Plance,
491 916 889 1000 exspectatio
928 915 1304 979 consulatus
1342 916 1459 996 tui,
1497 936 1661 998 quae
1698 916 1793 979 ita
1829 915 2028 1000 longa
2057 921 2175 999 est,
2209 924 2284 980 ut
2311 920 2538 1001 optan-

190 1007 347 1070 dum
394 1006 509 1086 sit,
553 1011 629 1069 ut
672 1004 996 1090 possimus
1045 1004 1126 1067 ad
1173 1004 1239 1067 id
1286 1008 1545 1087 tempus
1591 1004 1685 1068 rei
1729 1005 2027 1087 publicae
2075 1005 2380 1088 spiritum
2428 1005 2539 1069 du-

191 1116 355 1159 cere.
446 1093 623 1170 Quae
677 1096 898 1177 potest
954 1092 1127 1156 enim
1182 1114 1329 1176 spes
1386 1114 1528 1156 esse
1583 1092 1651 1156 in
1709 1114 1787 1156 ea
1840 1114 1910 1156 re
1956 1094 2244 1177 publica,
2298 1095 2366 1157 in
2414 1116 2543 1179 qua

192 1183 482 1248 hominis
512 1182 1042 1266 impotentissimi
1072 1185 1264 1265 atque
1301 1182 1947 1265 intemperantissimi
1985 1183 2181 1247 armis
2230 1203 2542 1266 oppressa

190 1277 350 1337 sunt
406 1271 669 1335 omnia?
725 1276 791 1334 et
847 1271 917 1335 in
978 1293 1105 1355 qua
1158 1291 1278 1334 nec
1334 1275 1600 1335 senatus
1655 1292 1775 1336 nec
1829 1272 2104 1355 populus
2159 1271 2293 1336 vim
2346 1272 2545 1336 habet

191 1361 398 1425 ullam
446 1382 564 1425 nec
609 1361 789 1445 leges
828 1359 1001 1423 ullae
1041 1363 1194 1424 sunt
1231 1381 1350 1423 nec
1386 1359 1628 1423 iudicia
1662 1380 1783 1423 nec
1821 1361 2086 1425 omnino
2126 1359 2541 1425 simulacrum

192 1448 463 1533 aliquod
507 1470 583 1514 ac
620 1449 970 1532 vestigium
1010 1448 1342 1512 civitatis?
1422 1446 1549 1512 Sed
1587 1446 1890 1531 quoniam
1930 1453 2074 1513 acta
2112 1450 2329 1514 omnia
2366 1448 2602 1516 mitti2

192 1539 276 1604 ad
328 1542 393 1603 te
440 1537 824 1620 arbitrabar,
866 1537 1031 1601 nihil
1078 1540 1237 1616 erat,
1284 1537 1455 1621 quod
1505 1537 1776 1620 singulis
1820 1536 1897 1600 de
1933 1538 2125 1601 rebus
2162 1538 2540 1623 scriberem3

190 1627 356 1691 illud
401 1630 618 1691 autem
667 1631 810 1690 erat
855 1626 1093 1689 amoris
1140 1626 1293 1708 mei,
1350 1647 1543 1709 quem
1599 1647 1638 1688 a
1691 1628 1805 1689 tua
1848 1626 2129 1709 pueritia
2175 1631 2544 1710 susceptum

192 1737 329 1781 non
376 1715 629 1779 servavi
676 1716 913 1798 solum,
968 1714 1081 1778 sed
1127 1715 1325 1778 etiam
1373 1714 1552 1797 auxi,
1606 1735 1870 1777 monere
1916 1718 1984 1778 te
2032 1718 2224 1797 atque
2272 1715 2542 1798 hortari,

193 1809 270 1870 ut
307 1805 377 1867 in
412 1826 546 1868 rem
585 1803 916 1886 publicam
953 1802 1130 1867 omni
1167 1802 1566 1887 cogitatione
1599 1824 1876 1886 curaque
1905 1804 2337 1868 incumberes:
2377 1825 2541 1887 quae

194 1893 252 1957 si
299 1894 382 1957 ad
426 1895 611 1956 tuum
658 1895 913 1975 tempus
960 1891 1355 1975 perducitur,
1400 1889 1615 1956 facilis
1662 1891 2051 1976 gubernatio
2099 1896 2252 1976 est3·
2280 1895 2353 1955 ut
2398 1913 2541 1975 per-

192 1982 470 2046 ducatur
496 1984 731 2059 autem,
769 2000 1042 2065 magnae
1071 2002 1215 2045 cum
1246 1980 1622 2064 diligentiae
1658 1984 1773 2062 est,
1809 1983 1952 2058 tum
1989 1980 2186 2044 etiam
2221 1980 2540 2046 fortunae.

194 2067 323 2134 Sed
361 2073 429 2134 et
464 2075 529 2134 te
567 2069 902 2154 aliquanto
951 2074 1120 2152 ante,
1165 2073 1239 2133 ut
1281 2090 1490 2152 spero,
1535 2068 1919 2134 habebimus
1959 2073 2043 2148 et,
2088 2073 2601 2153 praeterquam3

194 2158 370 2244 quod
416 2160 511 2223 rei
555 2159 854 2243 publicae
901 2158 1232 2223 consulere
1277 2157 1604 2236 debemus,
1648 2160 1873 2223 tamen
1908 2162 2060 2223 tuae
2097 2159 2402 2244 dignitati
2447 2159 2543 2223 ita

191 2249 509 2330 favemuS,
544 2252 619 2310 ut
647 2268 836 2311 omne
865 2251 1159 2311 nostrum
1188 2247 1543 2330 consilium,
1573 2247 1878 2331 studium,
1915 2247 2222 2329 officium,
2258 2269 2541 2331 operam,
2651 2244 2655 2254 “

192 2338 510 2420 laborem,
566 2335 976 2420 diligentiam
1021 2336 1101 2400 ad
1150 2334 1644 2419 amplitudinem
1692 2339 1874 2399 tuam
1940 2337 2375 2400 conferamus:
2442 2336 2542 2399 ita

195 2425 505 2490 facillime
552 2429 617 2488 et
661 2425 754 2489 rei
800 2425 1119 2508 publicae,
1166 2445 1330 2508 quae
1375 2423 1536 2487 mihi
1582 2423 1918 2487 carissima
1956 2427 2073 2508 est,
2120 2428 2184 2487 et
2220 2424 2541 2488 amicitiae

192 2518 485 2598 nostrae,
542 2535 737 2597 quam
784 2513 1189 2578 sanctissime
1234 2512 1423 2577 nobis
1471 2512 1806 2577 colendam
1851 2515 2039 2596 puto,
2086 2534 2187 2576 me
2231 2511 2539 2596 intellego

201 2604 705 2668 satisfacturum.

372 2690 682 2757 Furnium
730 2694 1026 2755 nostrum
1071 2690 1240 2755 tanti
1287 2712 1326 2754 a
1370 2693 1435 2754 te
1480 2689 1646 2773 fieri,
1703 2692 2018 2773 quantum
2063 2689 2265 2773 ipsius
2311 2688 2535 2753 huma-
2556 2692 2600 2755 4

194 2902 466 3025 wellchem
487 2899 677 2955 Cicero
706 2901 797 2954 die
825 2900 971 2955 erste
988 2900 1126 2969 phil.
1150 2901 1311 2955 Rede

192 2973 282 3028 hie
309 2974 351 3026 t.

270 3051 318 3098 1.
355 3043 501 3112 prof.
536 3044 602 3096 in
642 3041 956 3114 Graeciam]
998 3042 1049 3097 S.
1090 3041 1236 3097 Einl.
1265 3062 1310 3096 z.

197 3116 245 3169 J.
276 3119 363 3168 44„
403 3144 470 3153 —
507 3114 614 3167 Mit
662 3113 769 3167 den
805 3114 1311 3183 Eingangsworten

194 3185 313 3239 will
352 3183 543 3238 Cicero
583 3184 702 3237 sich
741 3183 990 3239 offenbar
1027 3185 1313 3238 entschul-

195 3257 380 3326 digen,
420 3254 541 3309 dass
580 3272 638 3309 er
672 3255 835 3310 nicht
871 3257 1003 3310 eher
1029 3253 1311 3324 geschrie-

192 3327 302 3382 ben
338 3326 504 3393 habe,
541 3327 677 3380 aber
713 3342 787 3379 an
824 3327 914 3380 die
944 3325 1118 3380 Stelle
1160 3327 1314 3381 einer

194 3399 322 3453 dem
395 3397 876 3467 entsprechenden
948 3398 1314 3467 Fortsetzung

195 3468 294 3523 des
325 3468 659 3524 Gedankens
687 3469 830 3534 tritt,
862 3469 1034 3522 durch
1064 3469 1154 3522 die
1182 3468 1313 3522 Mit-

193 3541 487 3609 teilungen
521 3540 659 3593 fiber
685 3538 962 3594 Antonius
991 3539 1311 3607 veranlasst,

194 3613 321 3680 (mit
337 3612 560 3681 Itaque)
590 3610 692 3664 der
709 3610 1004 3664 Ausdruck
1022 3612 1120 3665 der
1141 3612 1313 3679 Sorge

191 3699 287 3736 um
344 3682 454 3736 den
509 3681 685 3736 Staat.
736 3712 802 3721 -
848 3699 961 3735 non
1013 3684 1171 3737 modo
1224 3682 1311 3752 ut]

194 3753 293 3808 das
349 3772 475 3807 zum
521 3757 707 3807 ersten
753 3751 949 3807 Gliede
993 3752 1313 3821 gehon-ende

192 3841 306 3880 mm
342 3826 499 3879 modo
537 3825 649 3892 (fiir
684 3841 799 3877 non
832 3825 989 3878 modo
1016 3840 1159 3890 nom
1195 3841 1237 3875 s.
1267 3842 1313 3877 z.

192 3894 259 3949 H.
301 3900 384 3952 12.
429 3896 499 3964 1.)
533 3895 610 3949 ist
647 3894 851 3948 beiden
889 3893 1154 3948 Gliedern
1190 3911 1312 3948 vor-

194 3964 516 4037 angestellt.
585 3966 711 4034 Vgl.
743 3985 788 4019 z.
819 3966 885 4018 II.
918 3971 968 4019 4.
998 3996 1066 4004 -—
1095 3967 1161 4019 de
1197 3981 1315 4019 mea

190 4038 335 4109 vita]
382 4055 423 4091 s.
471 4056 517 4090 z.
564 4037 602 4090 I.
653 4042 738 4091 25.
785 4041 821 4089 4
876 4054 943 4088 zu
989 4053 1155 4091 curae
1190 4052 1312 4090 esse.

193 4139 259 4148 —-
297 4107 642 4178 consulatus]
691 4108 865 4161 Casar
908 4106 1068 4161 hatte
1105 4106 1313 4160 bereits

191 4180 281 4233 ffir
336 4180 438 4234 das
481 4180 531 4234 J.
582 4186 649 4232 43
701 4179 915 4233 Hirtius
971 4178 1086 4231 und
1132 4177 1315 4231 Pansa

192 4252 306 4305 und
370 4251 460 4304 ft‘ir
515 4252 614 4304 das
672 4249 721 4304 J.
779 4255 847 4303 42
902 4247 1146 4302 Plancus
1200 4248 1315 4301 und

195 4323 261 4376 D.
289 4321 498 4377 Brutus
535 4337 601 4373 zu
630 4320 787 4376 Koss.
819 4323 1070 4375 ernannt.
1121 4319 1315 4374 Cicero

194 4392 390 4448 suchte
418 4391 662 4446 Plancus
690 4410 757 4446 zu
784 4393 1097 4460 gewinnen,
1124 4391 1313 4445 indem

1419 2916 1480 2954 er
1534 2899 1625 2953 die
1671 2899 1957 2967 Hoffnung
2011 2897 2329 2967 ausspricht
2350 2941 2365 2966 ,
2420 2897 2542 2953 dass

1419 2970 1541 3024 sein
1622 2969 1901 3026 Konsulat
1970 2970 2223 3039 Rettung
2303 2967 2544 3039 bringen

1419 3041 1630 3108 werde,
1683 3042 1819 3095 aber
1874 3040 2077 3093 darauf
2125 3058 2242 3093 war
2286 3041 2431 3096 noch
2481 3056 2541 3094 so

1418 3114 1587 3180 lange
1653 3129 1720 3165 zu
1785 3117 2023 3180 warten‚
2091 3111 2216 3165 dass
2278 3129 2338 3166 er
2391 3112 2545 3166 wohl

1420 3184 1722 3238 wfinschen
1760 3182 1895 3237 aber
1921 3183 2094 3236 kaum
2122 3181 2311 3238 hoffen
2340 3183 2541 3250 durfte‚

1420 3255 1572 3308 diese
1603 3255 1726 3309 Zeit
1763 3255 1847 3322 (id
1882 3260 2093 3321 tempus
2128 3256 2212 3308 rei
2236 3259 2318 3321 p.)
2354 3272 2422 3307 zu
2458 3268 2542 3307 er-

1421 3325 1613 3391 leben3
1665 3326 1799 3380 oder
1833 3327 2094 3394 spiritum
2130 3327 2323 3380 ducere
2358 3323 2436 3378 ist
2474 3354 2542 3364 —

1419 3396 1526 3449 mit
1553 3398 1635 3451 rei
1654 3398 1809 3466 publ.
1842 3396 2162 3450 verbunden
2190 3427 2254 3435 —
2277 3411 2385 3449 von
2415 3394 2544 3447 dem

1420 3467 1629 3535 Leben,
1667 3469 1766 3521 der
1792 3467 2106 3536 Erbaltung
2135 3467 2233 3520 der
2258 3464 2542 3533 Republik

1420 3540 1642 3609 gesagt,
1672 3538 1852 3594 wobei
1872 3539 2022 3592 dann
2052 3540 2244 3592 ducere
2271 3539 2349 3591 im
2372 3536 2541 3590 Sinne

1420 3626 1557 3735 {gut
1569 3612 1938 3735 pgoducgrqt
1963 3609 2088 3679 Vgl.
2128 3614 2158 3674 ξ
2196 3615 2255 3662 2:
2312 3624 2453 3677 quae
2490 3608 2543 3662 si

1558 3724 1571 3737 .
1635 3722 1648 3735 .
1684 3698 1783 3749 per
1822 3698 1911 3735 um
1938 3698 2022 3735 ur.

1493 3757 1542 3808 2.
1588 3752 1739 3822 acta]
1789 3768 1830 3807 ι.
1878 3771 1922 3804 z.
1970 3751 2063 3805 III.
2104 3758 2151 3805 5.
2191 3756 2242 3804 4.
2282 3780 2347 3790 —-
2386 3755 2542 3803 tuum

1420 3821 1651 3893 tempus]
1691 3822 1821 3876 dein
1858 3821 2148 3877 Konsulat.

1494 3899 1545 3946 3.
1567 3895 1854 3962 aliquanto
1883 3899 2007 3947 ante
2035 3893 2155 3963 etc]
2188 3893 2288 3946 wir
2315 3892 2542 3945 werden

1421 3963 1555 4017 dich
1612 3980 1874 4033 geraume
1934 3965 2056 4018 Zeit
2111 3966 2199 4034 (zu
2255 3963 2543 4032 aliquanto

1423 4051 1465 4087 s.
1506 4052 1549 4089 z.
1587 4033 1630 4087 Ι.
1676 4041 1756 4089 18.
1799 4032 1852 4103 ‘'l)
1891 4037 2118 4101 vorher,
2157 4035 2262 4090 ehe
2299 4033 2375 4086 du
2412 4033 2543 4087 dein

1422 4106 1701 4159 Konsulat
1737 4106 2006 4170 antrittst‚
2049 4107 2172 4160 hier
2205 4105 2392 4160 haben
2426 4105 2543 4158 und

1422 4176 1731 4231 ausserdem
1780 4175 1902 4229 dass
1939 4177 2031 4231 ich
2071 4220 2083 4232 .
2123 4220 2135 4232 .
2178 4219 2189 4232 .
2228 4176 2402 4244 murs,
2448 4177 2542 4231 be-

1421 4248 1685 4317 gfinstige
1730 4247 1823 4301 ich
1871 4248 2015 4301 doch
2065 4250 2230 4318 (auch
2270 4266 2431 4302 wenn
2468 4248 2544 4302 du

1420 4320 1582 4373 nicht
1600 4318 1723 4372 hier
1749 4318 1878 4387 bist)
1900 4318 2064 4373 deine
2084 4321 2332 4387 diffinitas
2352 4338 2403 4374 u.
2418 4337 2541 4374 s.w.

1492 4395 1544 4445 4.
1617 4390 1927 4461 Furnium]
1992 4390 2050 4446 C.
2114 4391 2351 4444 Furnius
2426 4405 2543 4444 war
