3000 4917
432 277 521 343 22
1278 279 1411 335 ΜΒ.
1450 280 1493 336 1.
1544 279 1765 336 EPIST.
1805 288 1853 336 1.
1892 287 1942 338 2.

430 440 726 505 Primum
771 440 902 504 tuis
947 440 1041 505 ita
1085 442 1478 525 promissum
1524 447 1653 521 est,
1698 447 1764 508 te
1810 444 2127 509 facturam
2175 465 2339 527 esse,
2388 448 2463 509 ut
2509 445 2779 531 quisque

432 532 605 594 esset
652 530 950 613 meritus3
1007 533 1106 594 est
1161 535 1377 596 autem
1424 533 1493 596 in
1542 531 1757 598 officio
1805 532 2013 597 adhuc
2060 532 2382 617 Orpheus,
2443 538 2779 617 praeterea

429 638 669 703 magno
717 640 910 701 opere
956 639 1165 683 nemo.
1241 618 1618 686 Ceterorum
1664 643 1993 686 servorum
2038 643 2115 686 ea
2162 644 2354 688 causa
2399 626 2528 708 est,
2573 627 2675 704 ut,
2723 626 2777 688 si

428 728 532 771 res
570 730 609 771 a
644 707 835 772 nobis
874 707 1134 791 abisset,
1179 708 1399 774 liberti
1434 710 1645 774 nostri
1681 714 1919 794 essent,
1968 711 2026 775 si
2064 710 2354 776 obtinere
2382 712 2780 798 potuissent3
2836 773 2857 783 -

431 796 533 860 sin
589 795 672 860 ad
726 818 848 860 nos
901 797 1280 881 pertineret,
1348 798 1691 881 servirent,
1755 803 2205 884 praeterquam
2273 801 2510 883 oppido
2569 802 2779 886 pauci.

430 883 555 949 Sed
599 885 758 949 haec
804 885 1060 950 minora
1106 890 1272 952 sunt.

352 972 395 1037 5
608 973 707 1038 Tu
774 974 947 1059 quod
1011 996 1113 1037 me
1178 975 1486 1057 hortaris,
1558 979 1634 1040 ut
1695 976 1910 1041 animo
1977 977 2099 1041 sim
2162 997 2401 1062 magno
2466 982 2533 1041 et
2599 1000 2781 1061 spem

427 1063 704 1127 habeam
761 1064 1230 1146 recuperandae
1291 1064 1548 1143 salutis,
1601 1064 1664 1128 id
1717 1066 1912 1130 velim
1959 1065 2046 1130 sit
2089 1065 2432 1147 eiusmodi,
2485 1072 2561 1130 ut
2605 1071 2780 1132 recte

430 1173 688 1235 sperare
733 1151 1076 1234 possimne.
1166 1151 1356 1217 Nunc
1401 1153 1600 1217 miser
1646 1154 1902 1237 quando
1948 1157 2093 1218 tuas
2116 1235 2119 1240 Ι
2140 1154 2273 1218 iam
2315 1155 2569 1220 litteras
2619 1156 2781 1220 acci·

426 1240 654 1323 piam?
702 1240 846 1324 quis
893 1240 974 1303 ad
1020 1262 1124 1304 me
1168 1240 1494 1325 perferet?
1543 1264 1703 1326 quas
1751 1263 1872 1326 ego
1919 1246 2394 1326 exspectassem
2430 1242 2784 1328 Brundisii,

429 1329 485 1392 si
549 1332 722 1392 esset
784 1327 1034 1392 licitum
1089 1351 1206 1414 per
1260 1333 1525 1411 nautas,
1590 1332 1702 1416 qui
1755 1334 2208 1414 tempestatem
2262 1333 2781 1415 praetermittere

426 1417 790 1481 noluerunt.
883 1417 1069 1494 Quod
1114 1419 1433 1503 reliquum
1479 1423 1606 1503 est,
1658 1424 1953 1485 sustenta
1997 1423 2088 1503 te,
2133 1442 2278 1484 mea
2323 1419 2657 1500 Terentia,
2702 1425 2781 1487 ut

427 1507 615 1590 potes
662 1505 1135 1572 honestissime.
1226 1507 1525 1573 Viximus
1535 1559 1552 1591 ,
1577 1508 1971 1593 ufloruimus3
2025 1530 2156 1573 non
2200 1508 2430 1573 vitium
2479 1514 2781 1575 nostrum

427 1594 541 1659 sed
584 1594 792 1659 virtus
837 1599 1065 1661 nostra
1109 1619 1227 1661 nos
1274 1597 1550 1681 adffixit3
1594 1601 1930 1682 peccatum
1978 1602 2079 1663 est
2123 1598 2395 1682 nullum,
2438 1598 2568 1663 nisi
2605 1599 2782 1684 quod

425 1703 559 1748 non
612 1705 743 1748 una
798 1685 1082 1749 animam
1136 1707 1282 1750 cum
1342 1686 1742 1750 ornamentis
1799 1686 2162 1769 amisimus3
2219 1686 2330 1750 sed
2379 1687 2436 1751 si
2480 1687 2607 1752 hoc
2652 1688 2782 1752 fuit

424 1772 643 1837 liberis
689 1773 932 1839 nostris
979 1774 1257 1859 gratius,
1311 1796 1430 1839 nos
1476 1776 1722 1859 vivere,
1780 1778 2017 1856 cetera,
2070 1796 2463 1859 quamquam
2503 1774 2782 1841 ferenda

423 1882 553 1925 non
604 1865 789 1946 sunt,
833 1861 1137 1928 feramus·
1175 1936 1178 1939 ⁴
1228 1864 1434 1949 Atqui
1478 1884 1619 1949 eg0,
1666 1864 1776 1948 qui
1821 1869 1888 1928 te
1933 1864 2262 1950 confirmo,
2305 1865 2445 1947 ipse
2491 1886 2596 1929 me
2643 1888 2781 1930 non

423 1971 702 2034 possum.

346 2038 387 2102 6
604 2036 902 2104 Clodium
956 2038 1467 2124 Philhetaerum,
1536 2042 1707 2126 quod
1763 2040 2133 2106 valetudine
2190 2040 2522 2106 oculorum
2576 2042 2784 2128 impe-

425 2127 745 2212 diebatur,
810 2128 1138 2194 hominem
1204 2130 1485 2214 fidelem,
1551 2130 1792 2196 remisi.
1890 2128 2234 2195 Sallustius
2301 2130 2516 2196 officio
2573 2131 2781 2196 vincit

425 2237 665 2281 omnes.
742 2216 1128 2283 Pescennius
1168 2222 1267 2283 est
1303 2220 1770 2303 perbenevolus
1807 2219 2024 2301 nobis3
2065 2240 2255 2302 quem
2295 2240 2550 2302 semper
2579 2242 2775 2303 spero

422 2306 520 2371 tui
566 2306 705 2370 fo're
754 2306 1224 2372 observantem.
1299 2305 1483 2373 Sicca
1530 2308 1781 2372 dixerat
1820 2329 1888 2373 se
1926 2329 2178 2371 mecum
2214 2307 2370 2391 fore,
2419 2308 2532 2372 sed
2569 2307 2784 2373 Brun-

422 2394 587 2459 disio
637 2394 949 2461 discessit.
1041 2394 1239 2481 Cura,
1294 2398 1463 2482 quod
1511 2401 1727 2482 potes,
1786 2399 1863 2460 ut
1906 2395 2124 2461 valeas
2172 2399 2239 2460 et
2283 2396 2375 2460 sic
2421 2396 2781 2482 existimes,

419 2608 655 2678 eigenen
710 2608 954 2664 Sklaven
1011 2609 1222 2663 konnte
1271 2607 1536 2662 Terentia

417 2681 524 2735 frei
551 2679 849 2750 verfn'igem
880 2680 960 2734 sie
987 2680 1147 2733 hatte
1176 2678 1297 2733 sich
1310 2678 1536 2748 jedoch,

420 2751 527 2805 wie
583 2768 684 2805 aus
741 2750 965 2804 Ciceros
1021 2750 1258 2804 Worten
1312 2751 1538 2804 hervor-

420 2825 575 2891 geht,
612 2821 886 2889 unnotige
918 2822 1132 2889 Sorgen
1158 2819 1438 2889 gemacht.
1470 2850 1537 2859 —

430 2892 701 2963 Orpheus]
738 2891 830 2945 ein
868 2890 1092 2959 Sklawm,
1130 2891 1238 2944 den
1276 2891 1377 2943 der
1403 2891 1540 2944 Ver-

421 2964 631 3018 bannte
702 2960 808 3016 mit
872 2960 995 3015 sich
1056 2977 1404 3031 genommen.
1471 2992 1538 3001 --

423 3053 488 3090 ea
525 3050 695 3088 eausa
731 3034 831 3104 est]
869 3032 930 3086 in
967 3048 1139 3087 eausa
1166 3038 1242 3087 est
1269 3030 1414 3100 liegt
1441 3032 1542 3085 der

421 3102 976 3173 Perfekt-Begriff:
1030 3120 1091 3157 es
1140 3103 1216 3158 ist
1252 3102 1544 3157 bestimmt

423 3176 665 3244 worden,
706 3174 843 3232 dass.
918 3174 1047 3244 Vgl.
1086 3173 1237 3228 Fam.
1273 3174 1341 3229 II.
1375 3181 1456 3228 16.
1488 3180 1540 3228 2.

424 3248 584 3319 Quod
638 3252 715 3303 est
766 3248 942 3317 ὁρίων
994 3263 1168 3301 meum
1217 3249 1371 3301 triste
1416 3261 1542 3301 cou-

416 3320 613 3374 -silium
650 3318 770 3389 (das
806 3317 900 3372 ich
931 3317 1137 3388 gefasst
1164 3318 1349 3372 haben
1376 3316 1543 3383 soll)‘?

434 3391 506 3445 Ut
541 3390 951 3444 discederem
977 3390 1209 3456 fortasse
1236 3390 1299 3443 iu
1326 3389 1547 3457 aliquas

415 3460 788 3518 solitudines?
844 3461 943 3515 der
979 3459 1301 3515 Entschlul's
1340 3459 1546 3529 gehort

421 3533 529 3588 wie
564 3530 689 3587 hier
726 3531 818 3585 die
847 3531 1237 3600 Bestimmung
1272 3532 1413 3585 iiber
1441 3530 1544 3584 das

411 3602 747 3659 'Verbaltnis
807 3603 906 3657 der
962 3603 1204 3657 Sklaven
1258 3603 1358 3656 der
1409 3601 1544 3655 Ver-

421 3675 769 3800 {gagfnffiff
802 3691 901 3799 (ῗέιῖ
941 3673 1544 3814 ἶῙ-Θτῗῖθέἓςθξῑιιέ;αόἱέ

424 3817 697 3872 welchem
752 3815 921 3871 Sinne
977 3817 1129 3872 abire
1184 3815 1330 3870 auch
1388 3818 1547 3870 sonst

424 3888 757 3944 vorkommt.
852 3887 905 3941 S.
962 3887 1108 3942 Einl.
1158 3907 1202 3941 z.
1248 3887 1297 3942 J.
1347 3891 1431 3942 58.
1476 3916 1545 3927 —-

423 3961 477 4014 si
527 3961 769 4014 obtinere
818 3958 1148 4028 potuissent]
1196 3957 1250 4010 d.
1298 3957 1335 4011 i.
1383 3972 1549 4011 wenn

426 4030 507 4083 sie
554 4029 657 4084 auf
697 4029 788 4084 die
821 4028 1156 4098 Verffigung
1194 4027 1412 4083 Ciceros
1448 4025 1548 4080 hin

426 4102 550 4155 ihre
619 4099 867 4155 Freiheit
931 4100 1162 4153 wfirden
1223 4097 1546 4166 behaupten

423 4171 664 4226 konnen.
723 4202 791 4211 —
839 4177 1151 4241 praeterqu.
1206 4186 1292 4238 op.
1344 4168 1542 4238 pauci]

427 4242 608 4296 denen
635 4240 728 4296 die
756 4240 1007 4295 Freiheit
1034 4243 1179 4295 ohne
1206 4239 1545 4309 Bedingung

425 4311 736 4384 geschenkt
771 4313 998 4367 worden
1037 4328 1167 4365 war.

496 4389 545 4439 ὅ.
566 4384 753 4454 miser]
776 4384 891 4436 ‘ich
907 4380 1389 4450 Unglficklicher'‚
1407 4381 1544 4435 oder

426 4455 509 4509 ‘in
560 4456 801 4509 meinem
850 4452 1185 4522 Ungh‘icke’.
1269 4452 1385 4506 Das
1429 4449 1541 4504 Ad·

1639 2607 1845 2677 jektiv—
1865 2606 2026 2661 miser
2062 2606 2238 2660 findet
2274 2605 2393 2659 sich
2430 2606 2623 2677 haufig
2668 2608 2779 2661 mit

1646 2678 1753 2733 mit
1767 2676 1923 2732 einer
1932 2676 2208 2747 gewissen
2218 2677 2778 2748 Gemfitsbewegung

1649 2750 1733 2803 als
1753 2748 2086 2819 Apposition
2108 2764 2170 2802 so
2190 2748 2622 2816 eingeschohmn,
2647 2746 2773 2803 dass

1649 2838 1708 2875 es
1786 2820 1951 2874 einen
2024 2817 2332 2873 deutschen
2405 2819 2779 2875 adverbialen

1647 2892 1943 2945 Ausdruck
2008 2889 2248 2944 vertritt.
2338 2888 2470 2959 Vgl.
2517 2890 2558 2944 I.
2611 2897 2661 2945 2.
2712 2898 2773 2958 33

1648 2962 1717 3016 II.
1758 2969 1806 3017 ‘'1.
1845 2969 1895 3018 2.
1945 2992 2011 3002 ——
2050 2978 2154 3030 per
2216 2961 2445 3031 nautas]
2512 2960 2604 3015 die
2671 2964 2773 3016 das

1649 3032 1913 3104 gunstige
1952 3032 2172 3087 Wetter
2205 3031 2482 3086 benutzen
2519 3033 2771 3088 wollten.

1650 3136 1717 3145 —
1737 3111 1803 3159 ut
1822 3104 1999 3173 potes]
2028 3102 2415 3172 Verstarkung
2444 3103 2542 3158 des
2574 3102 2777 3173 Super·

1649 3176 1819 3229 lativs
1857 3176 1954 3229 des
1993 3173 2391 3239 Adverbiums;
2429 3173 2535 3227 mit
2570 3181 2776 3229 voran-

1651 3248 1963 3317 gehendem
1983 3248 2064 3300 sic
2078 3244 2174 3300 III.
2199 3249 2283 3299 15.
2305 3251 2354 3299 2.
2384 3274 2449 3285 —
2490 3246 2775 3318 Viximus]

1651 3317 1960 3388 pr’agnant:
2036 3317 2137 3371 wir
2202 3316 2386 3369 haben
2450 3316 2774 3386 (wahrhaft,

1654 3389 1812 3444 nicht
1845 3388 2121 3454 umsonst)
2159 3387 2367 3455 gelebt.

1724 3467 1773 3514 6.
1812 3459 2115 3513 Sallustius
2159 3457 2275 3510 und
2317 3457 2469 3511 Pesc.
2508 3458 2776 3513 scheinen

1652 3532 1757 3585 wie
1797 3530 1876 3584 Ol.
1916 3530 2063 3583 Phil.
2092 3527 2510 3597 Pteigelassene
2548 3529 2774 3584 Ciceros

1653 3618 1909 3672 gewesen
1956 3617 2024 3652 zu
2071 3597 2205 3653 sein.
2255 3628 2327 3638 —-
2354 3601 2773 3671 perbenevolus]

1651 3672 1758 3727 mit
1785 3673 1885 3725 der
1907 3668 2160 3725 Partikel
2179 3687 2284 3738 per
2312 3687 2407 3723 zur
2436 3669 2777 3741 Steigerung

1653 3746 1752 3799 des
1788 3740 2027 3811 Begriffs
2064 3740 2353 3809 gebildete
2389 3738 2617 3811 AdJekt.
2659 3744 2777 3797 und

1650 3812 1890 3870 Adverb.
1922 3811 2047 3866 sind
2074 3812 2135 3865 in
2164 3811 2273 3866 den
2300 3811 2525 3867 Briefen
2550 3812 2777 3883 haufig;

1655 3886 1940 3957 (darunter
1966 3883 2129 3951 viele,
2163 3882 2255 3937 die
2284 3883 2402 3937 sich
2433 3884 2591 3938 sonst
2613 3884 2779 3940 nicht

1653 3955 1859 4011 wieder
1894 3955 2103 4024 finden)
2130 3954 2242 4023 vgl.
2273 3952 2313 4006 I.
2347 3958 2430 4009 18.
2463 3959 2555 4021 183
2594 3960 2682 4010 20.
2714 3962 2778 4025 3;

1653 4027 1722 4082 Π.
1770 4031 1856 4080 25.
1907 4031 1965 4091 33
2014 4030 2099 4079 27.
2141 4029 2198 4090 13
2247 4030 2331 4079 28.
2372 4031 2431 4089 33
2487 4024 2674 4081 111.·8.
2713 4032 2776 4093 3;

1658 4104 1741 4151 14.
1790 4103 1847 4161 13
1907 4102 1990 4151 13.
2030 4102 2079 4151 3.
2135 4126 2203 4136 —-
2261 4096 2422 4151 Sicca
2502 4096 2599 4151 bei
2652 4098 2776 4152 ihm

1654 4170 1815 4223 hatte
1855 4167 2049 4223 Cicero
2096 4168 2198 4221 auf
2238 4167 2366 4221 dem
2480 4184 2582 4238 ege
2622 4171 2777 4223 nach

1651 4238 2007 4293 Brundisium
2072 4238 2131 4292 in
2188 4238 2336 4293 Vibo
2401 4238 2521 4293 sich
2576 4240 2772 4309 ausge-

1649 4311 1862 4365 halten.
1877 4339 1946 4349 —
1956 4326 2011 4363 se
2028 4327 2231 4364 mecum
2240 4310 2382 4380 fore]
2396 4309 2457 4363 in
2467 4309 2774 4365 Griechen-

1650 4382 1802 4436 land.
1840 4411 1907 4420 —
1945 4382 2091 4449 quod
2133 4381 2307 4452 potes]
2347 4382 2447 4435 der
2483 4381 2775 4437 Indikativ

1650 4454 1729 4507 im
1827 4451 2326 4507 beschrankenden
2426 4452 2605 4506 Satze.
2702 4485 2772 4495 —
