3000 4917
479 205 609 270 160

1304 202 1437 257 LlB.
1474 200 1569 255 m.
1623 200 1844 256 EPlsT.
1886 207 1967 258 15.

477 366 603 433 Sed
648 371 888 450 tamen,
934 388 1080 431 cum
1125 365 1235 429 ille
1281 364 1667 448 scripsisset,
1712 368 1788 429 ut
1823 365 2070 449 opinor,
2117 386 2185 429 se
2230 365 2301 429 in
2337 363 2639 431 Alsiense
2680 389 2835 433 ven-

476 461 712 539 turum,
751 456 1143 539 scripserunt
1180 452 1262 517 ad
1300 475 1446 517 eum
1485 453 1603 531 sui,
1637 474 1720 517 ne
1748 453 1815 517 id
1843 454 2108 518 faceret:
2147 455 2390 519 multos
2420 456 2481 519 ei
2507 457 2832 522 molestos

475 545 613 611 fore
676 546 1015 629 ipsumque
1078 543 1329 625 multis3
1402 540 1623 607 Ostiae
1696 541 1900 606 videri
1968 543 2366 608 commodius
2431 566 2579 609 eum
2647 546 2830 610 exire

475 656 685 717 posse.
782 632 859 697 Id
913 653 1033 717 ego
1089 654 1222 697 non
1267 630 1731 715 intellegebam
1788 631 1940 714 quid
1995 633 2367 715 interesset3
2434 633 2546 698 sed
2600 638 2836 699 tamen

473 722 729 787 Hirtius
785 721 948 786 mihi
1004 721 1167 785 dixit
1225 725 1290 784 et
1341 740 1409 784 se
1458 719 1538 783 ad
1586 741 1732 784 eum
1780 727 1847 784 et
1891 719 2173 785 Balbum
2220 724 2286 785 et
2334 720 2620 806 Oppium
2674 725 2832 788 scri·

472 812 707 896 psisse,
751 815 827 875 ut
869 812 964 874 ita
1008 810 1276 888 faceret,
1321 808 1649 891 homines,
1693 811 1767 872 ut
1812 810 2112 893 cognovi,
2159 813 2452 875 amantes
2497 812 2618 876 tui.

652 899 796 965 Hoc
841 921 960 985 ego
1008 898 1246 964 idcirco
1291 919 1486 962 nosse
1532 901 1597 961 te
1644 897 1847 981 volui,
1903 901 1977 962 ut
2022 898 2245 978 scires„
2291 898 2657 983 hospitium
2706 902 2831 967 tibi

472 989 585 1054 ubi
630 1011 913 1074 parares,
959 988 1063 1053 vel
1108 987 1325 1071 potius
1371 991 1446 1050 ut
1488 985 1833 1070 utrobique
1860 1023 1949 1032 —
1978 987 2134 1071 quid
2172 987 2344 1052 enim
2380 989 2490 1053 ille
2527 989 2829 1055 facturus

472 1078 589 1162 sit,
652 1079 971 1143 incertum
1027 1080 1128 1141 est
1188 1099 1297 1159 —3
1362 1080 1427 1139 et
1489 1075 1682 1139 simul
1750 1077 2072 1141 ostentavi
2137 1077 2258 1141 tibi
2315 1099 2418 1141 me
2473 1077 2621 1142 istis
2690 1102 2833 1145 esse

469 1166 858 1231 familiarem
905 1171 971 1229 et
1015 1164 1305 1229 consiliis
1353 1185 1576 1228 eorum
1621 1165 1955 1231 interesse.
2038 1165 2224 1242 Quod
2271 1187 2393 1252 ego
2441 1187 2555 1230 cur
2600 1169 2831 1253 nolim,

469 1256 634 1319 nihil
689 1255 904 1338 vide03
959 1275 1094 1318 non
1150 1254 1323 1317 enim
1372 1257 1470 1317 est
1513 1251 1713 1336 idem,
1765 1253 1961 1338 ferre,
2016 1255 2070 1318 si
2118 1254 2272 1338 quid
2317 1255 2660 1320 ferendum
2715 1263 2831 1341 est,

472 1349 537 1408 et
573 1344 868 1429 probare,
905 1343 960 1407 si
999 1343 1150 1426 quid
1187 1364 1322 1407 non
1356 1341 1764 1425 probandum
1802 1345 1927 1425 est3
1974 1344 2114 1426 etsi,
2163 1343 2318 1427 quid
2354 1366 2490 1409 non
2526 1347 2829 1428 probem,

469 1432 765 1516 equidem
801 1433 933 1496 iam
967 1432 1207 1515 nescio,
1252 1434 1509 1514 praeter
1543 1430 1733 1495 initia
1776 1453 2023 1518 rerum3
2067 1453 2223 1496 nam
2268 1433 2429 1498 haec
2476 1433 2547 1497 in
2595 1436 2825 1501 volun·

466 1525 605 1586 tate
649 1520 925 1585 fuerunt.
997 1519 1153 1585 Vidi
1198 1520 1371 1584 enim
1410 1556 1494 1565 —
1532 1542 1683 1584 nam
1729 1523 1804 1584 tu
1851 1521 2078 1585 aberas
2129 1556 2206 1567 —
2256 1526 2517 1587 nostros
2569 1525 2826 1590 amicos

468 1632 699 1694 cupere
744 1610 1009 1689 bellum,
1053 1609 1224 1673 hunc
1274 1611 1492 1672 autem
1538 1630 1673 1673 non
1718 1612 1855 1673 tam
1892 1631 2123 1693 cupere
2162 1632 2355 1695 quam
2393 1632 2529 1674 non
2567 1613 2828 1697 timere,

472 1735 547 1745 --
609 1720 763 1784 ergo
819 1700 978 1763 haec
1034 1698 1290 1763 consilii
1345 1697 1636 1780 fuerunt,
1691 1699 1943 1782 reliqua
1987 1700 2379 1784 necessaria,
2430 1737 2508 1746 -
2561 1702 2828 1767 vincere

405 1790 689 1854 3autem
739 1793 854 1852 aut
896 1787 1020 1852 hos
1068 1791 1181 1852 aut
1225 1787 1373 1851 illos
1418 1807 1680 1850 necesse
1728 1808 1889 1852 esse.
1963 1785 2111 1852 Scio
2157 1792 2222 1852 te
2270 1811 2527 1874 semper
2567 1812 2829 1857 mecum

468 1878 539 1941 in
564 1878 744 1942 luctu
769 1876 988 1960 fuisse,
1026 1897 1170 1942 cum
1208 1875 1570 1940 videremus
1609 1896 1753 1939 cum
1790 1876 1952 1940 illud
1988 1878 2220 1961 ingens
2251 1879 2515 1962 malum,
2543 1881 2828 1945 alterius

465 1966 674 2030 utrius
714 1967 1031 2030 exercitus
1069 1968 1136 2029 et
1172 1966 1405 2029 ducum
1442 1963 1800 2044 interitum,
1844 1968 1986 2029 tum
2022 1987 2174 2030 vero
2213 1971 2574 2031 extremum
2622 1969 2828 2035 malo-

466 2077 610 2119 rum
667 2054 958 2119 omnium
1012 2075 1152 2117 esse
1207 2052 1413 2117 civilis
1466 2052 1624 2117 belli
1679 2054 2046 2137 victoriam3
2117 2077 2312 2139 quam
2383 2057 2645 2139 quidem
2707 2079 2827 2143 ego

469 2144 665 2206 etiam
719 2143 979 2206 illorum
1034 2142 1371 2224 timebam,
1427 2142 1508 2205 ad
1566 2164 1727 2225 quos
1784 2164 2189 2245 veneramus3
2244 2144 2591 2209 crudeliter
2648 2149 2828 2211 enim

467 2232 696 2296 otiosis
745 2231 1191 2315 minabantur,
1245 2235 1508 2313 eratque
1555 2230 1638 2294 iis
1686 2235 1751 2295 et
1794 2235 1912 2296 tua
1955 2232 2166 2296 invlsa
2210 2235 2515 2298 voluntas
2564 2238 2634 2298 et
2680 2258 2828 2301 mea

467 2386 1058 2469 selbstverstandliche
1108 2388 1222 2441 hin.
1283 2418 1350 2426 —
1406 2392 1482 2441 est
1528 2388 1591 2441 in

465 2458 1590 2611 {2232„3232322zsszgexffissgezeijfflzz

465 2620 533 2655 zu
567 2601 694 2655 dem
724 2602 1192 2672 vorangehenden
1228 2600 1590 2654 konzesswen

468 2671 775 2727 Gedanken
838 2673 917 2726 ist
979 2672 1108 2726 dem
1162 2671 1413 2726 Briefstil
1469 2675 1587 2725 ent-

469 2743 794 2813 sprechend,
816 2744 913 2797 der
921 2742 1175 2812 Ellipsen
1191 2741 1353 2796 nicht
1371 2743 1585 2809 scheut,

468 2812 850 2938 335521332‘3?
878 2814 1108 2938 ’ἓξὲξ
1126 2812 1588 2938 aazias&

1572 2924 1586 2949 ⁷

468 2955 617 3009 denn
663 2956 929 3010 wahrend
975 2975 1028 3012 u.
1068 2972 1110 3009 s,
1150 2974 1217 3008 w.
1257 2986 1324 2995 —
1360 2962 1424 3010 ut
1469 2956 1587 3024 opi-

470 3025 600 3095 nor]
638 3025 778 3079 iiber
813 3027 902 3081 die
942 3027 1274 3096 Bedeutung
1312 3045 1353 3080 s.
1393 3026 1458 3082 II.
1498 3032 1585 3081 26.

468 3103 517 3151 3.
568 3127 641 3135 —
694 3098 965 3168 Alsiense]
1027 3099 1107 3151 im
1171 3096 1589 3151 Alsiensischen

470 3166 711 3234 (Alsium
758 3184 829 3220 an
876 3168 974 3222 der
1011 3168 1350 3223 etrurischen
1386 3168 1587 3238 Ksiste)

467 3237 627 3292 hatte
693 3235 861 3293 C‘asar
926 3238 1017 3293 ein
1079 3238 1356 3307 Landgut.
1448 3238 1587 3292 Eine

466 3308 839 3380 Belastigung
870 3308 1149 3364 ffirchtete
1168 3328 1301 3365 man
1319 3309 1586 3378 dadurch,

465 3380 590 3435 dass
620 3380 711 3434 die
740 3382 1054 3435 romischen
1083 3380 1334 3448 Grossen,
1372 3380 1586 3435 welche

467 3452 528 3506 in
574 3452 672 3506 cler
706 3452 868 3506 Nahe
914 3452 1229 3506 zahlreiche
1265 3450 1589 3518 Landgfiter

468 3523 694 3589 hatten,
732 3523 843 3577 den
878 3523 1355 3578 heimkehrenden
1394 3521 1588 3590 Sieger

466 3593 765 3663 begriil'sen
784 3594 1039 3649 mussten.
1071 3593 1317 3649 Deshalb
1340 3593 1506 3647 sollte
1527 3609 1588 3646 er

465 3664 525 3718 in
547 3666 705 3719 Ostia
724 3665 930 3719 landen
958 3666 1163 3734 (exire),
1193 3666 1374 3719 wobei
1394 3664 1587 3720 Cicero

467 3736 526 3789 in
582 3736 681 3789 der
724 3737 1084 3806 Hauptsache
1134 3736 1339 3790 keinen
1385 3737 1587 3789 Unter-

465 3806 659 3860 schied
715 3807 879 3862 sicht.
928 3839 994 3847 —
1040 3806 1154 3879 sui]
1203 3807 1399 3862 C'asars
1447 3806 1586 3861 Ver-

463 3879 675 3946 traute,
732 3880 837 3933 wie
893 3879 983 3933 die
1035 3877 1221 3945 gleich
1267 3879 1589 3949 genannten

466 3949 700 4019 Balbus,
741 3949 955 4020 Oppius
970 3994 983 4020 ,
1019 3949 1248 4005 Hirtius

539 4096 589 4146 2.
625 4093 921 4161 hospitium
939 4092 1196 4163 parares]
1220 4090 1378 4145 Auch
1405 4088 1585 4145 Varro

467 4179 583 4215 war
609 4179 911 4231 gesonnen,
940 4164 1068 4217 dem
1090 4164 1283 4232 Sieger
1309 4164 1586 4231 entgegen

469 4248 538 4283 zu
565 4233 761 4299 gehen.
792 4265 858 4273 —
890 4236 1022 4303 quid
1049 4250 1163 4288 ‘non
1182 4233 1429 4303 probem]
1461 4233 1586 4287 Von

466 4300 875 4373 Missbilligung
910 4306 1120 4359 konnte
1158 4322 1262 4357 nur
1301 4305 1391 4358 die
1430 4304 1583 4358 Rede-

466 4371 589 4424 sein
616 4370 676 4425 in
703 4372 891 4443 Bezug
920 4376 1020 4427 auf
1045 4376 1145 4428 das
1164 4374 1455 4443 Beginnen
1482 4375 1581 4429 des

1698 2387 1991 2457 Kampfes,
2056 2389 2205 2443 denn
2267 2388 2366 2443 das
2418 2390 2518 2460 lag
2575 2389 2639 2443 in
2698 2393 2827 2447 dem

1696 2458 1871 2513 freien
1900 2458 2111 2514 Willen
2150 2490 2208 2499 -
2235 2460 2396 2515 nicht
2425 2460 2574 2515 bloss
2605 2461 2828 2530 Casars,

1695 2529 1938 2584 sondern
1985 2529 2127 2585 auch
2175 2530 2274 2584 der
2320 2531 2715 2601 Pompejaner.
2760 2566 2826 2574 —-

1691 2607 1759 2656 tw
1794 2602 2011 2673 aberas]
2054 2602 2137 2656 als
2170 2601 2350 2672 Legat
2386 2602 2484 2657 des
2519 2603 2825 2676 Pompejus

1692 2672 1751 2725 in
1791 2671 2051 2741 Spanien.

1766 2748 1816 2800 3.
1862 2744 2006 2798 illud
2054 2744 2249 2814 inqens
2293 2745 2520 2815 malum]
2571 2763 2651 2802 sc.
2700 2764 2822 2803 esse.

1695 2812 1810 2868 Das
1847 2815 2164 2869 Pronomen
2205 2814 2368 2869 weist
2402 2817 2511 2870 mit
2546 2817 2824 2873 besonde-

1694 2901 1813 2938 rem
1861 2884 2205 2940 Nachdruck
2251 2886 2350 2940 auf
2394 2886 2493 2942 das
2531 2887 2825 2959 Folgende

1694 2955 1809 3010 hin.
1891 2955 2003 3011 Das
2056 2957 2261 3011 malum
2311 2956 2539 3012 besteht
2583 2960 2650 3013 in
2696 2962 2824 3016 dem

1694 3027 2057 3097 Untergange
2095 3028 2191 3081 des
2228 3028 2391 3082 einen
2425 3029 2562 3084 oder
2591 3030 2694 3085 des
2725 3049 2817 3087 an-

1697 3098 1865 3153 deren
1918 3097 2126 3152 Heeres
2181 3099 2297 3153 und
2352 3099 2534 3155 seiner
2579 3100 2823 3170 Ffihrer3

1697 3169 1845 3223 denn
1881 3169 2040 3223 nicht
2073 3169 2295 3237 Feinde,
2335 3172 2575 3226 sondern
2606 3172 2824 3244 Bfirger

1697 3240 1821 3294 sind
1859 3258 1935 3308 es,
1973 3240 2066 3293 die
2103 3239 2296 3295 fallen.
2328 3273 2394 3281 -
2424 3244 2524 3297 civ.
2556 3244 2687 3298 belli
2712 3248 2822 3301 vic-

1693 3311 1866 3382 toria]
1949 3311 2252 3366 denselben
2325 3311 2636 3368 Gedanken
2708 3317 2822 3370 und

1697 3399 1908 3436 warum
1957 3382 2056 3436 der
2102 3382 2235 3452 Sieg
2280 3383 2358 3436 im
2406 3383 2821 3456 Burgerkriege

1697 3470 1758 3507 so
1815 3453 2401 3523 verderbenbringend
2454 3456 2556 3524 ist,
2622 3474 2666 3509 s.
2725 3458 2818 3512 III.

1696 3530 1780 3578 21.
1830 3530 1878 3579 3.
1929 3555 1996 3565 -
2042 3526 2287 3596 illorum]
2338 3527 2442 3580 auf
2481 3526 2676 3582 Seiten
2723 3528 2819 3583 der

1696 3595 2077 3665 Pompejaner.
2140 3595 2323 3650 Kfirze
2362 3595 2461 3652 des
2496 3600 2817 3653 Ausdrucks

1693 3668 1808 3719 fiir:
1858 3666 1964 3720 den
2005 3666 2099 3749 ich
2136 3669 2280 3721 auch
2315 3667 2410 3721 bei
2438 3668 2638 3738 jenen‚
2690 3671 2744 3726 d.
2780 3673 2814 3724 i.

1694 3754 2000 3864 ἕῖῑῗὲἒιπίῗ
2059 3739 2814 3881 έίἲθὲαοέἓῗῗὲῗῗπίἑῗὺὲῖ

1695 3884 1781 3933 21.
1819 3886 1877 3933 3:
1934 3885 2012 3935 est
2063 3897 2149 3934 res
2203 3883 2316 3935 iam
2366 3883 2430 3935 in
2476 3900 2596 3937 eum
2643 3885 2813 3939 locum

1695 3952 1944 4019 deducta,
1980 3955 2062 4018 ut,
2099 3969 2426 4022 quamquam
2462 3956 2695 4010 multum
2728 3957 2810 4010 in-

1694 4023 1848 4076 tersit
1882 4024 2026 4076 inter
2064 4039 2245 4078 eorum
2277 4040 2491 4094 eausaS,
2530 4028 2628 4095 qui
2655 4028 2811 4081 dimi-

1693 4099 1840 4161 cant,
1870 4100 2051 4148 tamen
2077 4095 2220 4149 inter
2245 4097 2508 4151 victorias
2533 4114 2648 4153 non
2674 4099 2813 4152 mul-

1693 4169 1809 4219 mm
1863 4166 2259 4232 interfuturum
2307 4173 2498 4236 putem
2542 4169 2656 4222 und
2702 4168 2813 4223 fast

1693 4234 1980 4290 dieselben
2028 4235 2224 4291 Worte
2269 4240 2441 4291 unten
2492 4239 2579 4294 Br.
2627 4245 2711 4293 29.
2764 4245 2812 4296 1.

1693 4336 1757 4345 ——
1788 4307 1999 4377 otiosis]
2040 4306 2132 4360 die
2170 4308 2257 4362 fiir
2296 4308 2405 4362 den
2434 4309 2671 4365 Frieden
2698 4327 2808 4364 wa-

1689 4395 1811 4447 ren,
1887 4379 1994 4431 den
2069 4380 2215 4434 auch
2277 4378 2455 4435 Varro
2521 4383 2807 4437 wiinschte
