3000 4917
407 234 535 298 172
1174 232 1444 289 LIB.111.
1497 232 1724 288 EPIST.
1765 239 1847 288 20.
1887 239 1972 287 21.

404 398 691 499 patietur
746 418 954 483 neque
1008 397 1151 481 ipsa
1206 419 1309 462 res
1364 396 1650 480 publica,
1702 399 1927 460 tamen
1981 398 2297 496 impetum
2349 393 2754 477 praedonum

403 488 471 550 in
525 492 673 551 tuas
737 487 1033 551 fortunas
1101 486 1242 550 fieri
1304 486 1485 571 nolo;
1550 485 1622 549 hi
1686 488 1903 548 autem
1970 483 2080 568 qui
2136 486 2384 567 essent,
2449 482 2756 547 auderem

406 574 715 659 scribere,
758 575 887 640 nisi
931 578 997 639 te
1042 575 1418 659 intellegere
1465 574 1871 639 confiderem.

348 665 387 730 6
584 663 708 729 Hic
744 667 811 729 te
847 664 1038 728 unius
1078 663 1570 746 sollicitudines,
1605 662 1798 726 unius
1836 661 2032 725 etiam
2071 661 2313 725 multae
2352 663 2419 725 et
2455 659 2761 724 assiduae

403 754 726 836 lacrimae,
771 750 841 817 C.
888 751 1199 835 Marcelli,
1243 752 1465 816 fratris
1514 751 1768 835 optimi,
1815 750 2268 833 deprecantur:
2323 771 2442 814 nos
2490 771 2647 813 cura
2694 753 2765 813 et

404 842 630 907 dolore
683 841 963 944 proximi
1018 863 1267 925 sumus,
1321 841 1619 925 precibus
1673 839 2022 922 tardiores,
2077 838 2248 923 quod
2302 839 2403 902 ius
2458 838 2763 920 adeundi,

405 952 551 995 cum
587 931 717 1015 ipsi
756 931 1204 1015 deprecatione
1244 931 1632 1013 eguerimus,
1676 951 1812 992 non
1855 927 2189 1009 habemus,
2237 928 2449 1012 gratia
2493 930 2764 991 tantum

404 1041 768 1103 possumus,
807 1023 1119 1105 quantum
1155 1019 1336 1101 victi3
1377 1019 1488 1083 sed
1526 1022 1745 1083 tamen
1782 1016 2052 1082 consilio
2092 1037 2165 1082 ae
2201 1015 2416 1081 studio
2444 1015 2765 1080 Marcello

405 1129 537 1173 non
575 1109 895 1173 desumus.
971 1108 1032 1171 A
1067 1107 1198 1172 tuis
1236 1108 1502 1193 reliquis
1539 1129 1676 1172 non
1712 1106 2119 1190 adhibemur;
2168 1105 2248 1170 ad
2288 1105 2506 1169 omnia
2541 1103 2771 1188 parati

408 1219 650 1262 sumuS.

1289 1391 1645 1457 Ems'ruLA
1689 1390 1866 1456 XXI.
1926 1409 1929 1414 ·

1201 1501 1204 1504 ¹
1318 1512 1426 1583 (Ad
1463 1512 1595 1567 fam.
1633 1510 1728 1566 IV.
1768 1512 1841 1581 9.)

1007 1638 1080 1693 M.
1120 1635 1381 1692 CICERO
1419 1636 1473 1693 S.
1512 1637 1580 1692 D.
1618 1636 1692 1690 M.
1730 1633 2139 1690 MARCELLO.

350 1768 384 1830 1
588 1763 733 1828 Etsi
808 1766 1149 1848 perpaucis
1218 1767 1368 1829 ante
1433 1764 1657 1828 diebus
1725 1763 2024 1827 dederam
2091 1761 2162 1838 Q.
2228 1760 2443 1826 Mucio
2509 1762 2770 1826 litteras

408 1852 486 1916 ad
543 1856 609 1917 te
665 1852 961 1937 pluribus
1018 1854 1233 1916 verbis
1292 1853 1597 1938 scriptas,
1652 1852 1883 1935 quibus
1942 1851 2451 1933 declaraveram,
2508 1871 2637 1935 quo
2697 1854 2767 1914 te

415 1942 632 2006 animo
673 1963 1003 2006 censerem
1042 1963 1181 2005 esse
1221 1945 1520 2024 oportere
1561 1943 1625 2004 et
1662 1939 1815 2024 quid
1842 1939 1966 2003 tibi
1993 1938 2360 2003 faciendum
2391 1938 2769 2020 arbitrarer,

406 2033 645 2113 tamen,
683 2052 829 2094 cum
868 2029 1286 2115 Theophilus,
1324 2029 1599 2093 libertus
1635 2031 1808 2111 tuus,
1846 2027 2375 2111 proficisceretur,
2415 2027 2599 2091 cuius
2640 2048 2766 2111 ego

410 2119 606 2183 fidem
647 2139 802 2202 erga
838 2122 904 2183 te
945 2119 1588 2201 benevolentiamque
1625 2129 2098 2200 perspexeram,
2146 2116 2285 2181 sine
2323 2116 2485 2180 meis
2525 2116 2765 2181 litteris

410 2228 556 2270 eum
602 2208 681 2271 ad
728 2214 796 2271 te
842 2206 1058 2271 venire
1104 2208 1303 2272 nolui.

586 2295 823 2360 Iisdem
878 2296 1079 2379 igitur
1132 2301 1198 2360 te
1244 2296 1436 2360 rebus
1484 2295 1681 2359 etiam
1729 2297 1919 2379 atque
1969 2294 2167 2358 etiam
2211 2293 2466 2377 hortor,
2524 2293 2766 2378 quibus

411 2385 851 2469 superioribus
898 2385 1130 2449 litteris
1178 2384 1478 2449 hortatus
1527 2406 1699 2466 sum,
1742 2387 1816 2447 ut
1869 2384 1940 2447 in
1987 2404 2064 2446 ea
2107 2404 2176 2446 re
2223 2382 2511 2466 publica,
2572 2404 2767 2466 quae-

410 2495 658 2558 cunque
712 2479 837 2557 est,
893 2496 1087 2559 quam
1121 2474 1413 2557 primum
1460 2473 1621 2536 velis
1668 2494 1825 2536 esse.
1916 2470 2124 2536 Multa
2168 2471 2416 2536 videbis
2462 2470 2768 2554 fortasse,

409 2584 572 2647 quae
609 2563 800 2645 nolis,
836 2584 972 2627 non
1006 2562 1195 2646 plura
1223 2566 1461 2643 tamen,
1500 2583 1695 2646 quam
1729 2560 1913 2624 audis
1943 2560 2192 2625 cotidie.
2250 2558 2404 2625 Non
2433 2563 2533 2624 est
2559 2582 2762 2641 porro

408 2657 593 2716 tuum
630 2673 761 2716 uno
789 2673 982 2716 sensu
1012 2651 1221 2716 solum
1253 2651 1588 2716 oculorum
1618 2650 1880 2733 moveri,
1919 2671 2064 2714 cum
2094 2648 2267 2713 idem
2296 2649 2460 2713 illud
2489 2648 2760 2713 auribus

409 2740 729 2823 percipias
773 2777 849 2788 —
893 2740 1065 2824 quod
1102 2740 1299 2804 etiam
1338 2739 1547 2803 maius
1585 2738 1787 2804 videri
1829 2739 1995 2803 solet
2037 2775 2136 2821 —,
2183 2737 2392 2801 minus
2438 2737 2763 2803 laborare.

348 2832 389 2896 2
587 2827 680 2893 At
723 2829 844 2893 tibi
889 2829 1017 2912 ipsi
1063 2828 1401 2893 dicendum
1448 2828 1572 2892 erit
1620 2826 1890 2912 aliquid,
1938 2827 2108 2912 quod
2153 2848 2286 2893 non
2334 2826 2596 2911 sentias,
2645 2830 2764 2891 aut

408 3056 485 3111 ist
531 3054 622 3110 die
659 3055 1051 3112 Konfiskation
1097 3057 1196 3112 der
1232 3057 1420 3112 Gfiter.
1460 3087 1526 3096 -
1638 3071 1756 3110 aus.
1778 3085 1846 3094 —-
1866 3071 1981 3109 non
1999 3053 2342 3125 adhibemur]
2364 3053 2476 3123 vgl.
2500 3053 2570 3107 H.
2594 3060 2678 3110 12.
2701 3061 2768 3126 4:

409 3127 497 3181 Hi
521 3127 725 3198 autem]
751 3126 909 3183 Ohne
938 3128 1165 3183 Zweifel
1192 3145 1382 3182 waren
1409 3128 1528 3181 dies
1636 3127 1893 3182 adhibere
1918 3127 2222 3195 pontifice&

413 3198 717 3268 Anhanger
747 3197 964 3268 Casars,
1002 3199 1094 3254 die
1123 3199 1276 3253 reich
1307 3199 1530 3253 werden

410 3269 663 3337 wollten,
710 3270 826 3324 und
873 3269 1166 3326 vielleicht
1209 3271 1353 3324 auch
1391 3270 1531 3325 Ver-

411 3341 635 3395 wandte
674 3342 771 3396 des
810 3342 1127 3398 Marcellus.

481 3419 528 3470 6.
572 3413 629 3466 0.
665 3413 947 3483 Marcelle]
990 3413 1063 3467 Er
1099 3430 1217 3467 war
1245 3410 1530 3467 Geschwi-

409 3483 662 3538 sterkincl
709 3483 807 3538 des
845 3484 1207 3539 Verbannten
1247 3487 1310 3553 (s.
1350 3504 1393 3536 z.
1432 3481 1531 3539 ΠΙ.

408 3558 458 3610 5.
497 3560 546 3609 4.
587 3554 830 3625 Servius)
887 3557 1003 3608 und
1060 3554 1140 3607 im
1186 3554 1234 3608 J.
1285 3559 1378 3620 50,
1439 3552 1532 3607 ein

406 3625 546 3680 Jahr
590 3627 735 3679 nach
781 3625 854 3678 M.
895 3624 1221 3691 Marcellus,
1266 3625 1396 3680 Kos.
1437 3642 1530 3693 ge—

407 3713 611 3752 wesen.
685 3697 793 3749 Am
831 3697 1037 3764 Kriege
1079 3695 1239 3750 hatte
1278 3713 1337 3749 er
1373 3694 1533 3749 nicht

406 3768 511 3823 teil
549 3784 900 3837 genommen.
941 3798 1008 3806 —
1046 3773 1137 3822 te.
1168 3769 1533 3836 deprecantur

411 3840 489 3895 sie
539 3838 784 3893 erflehen
828 3839 987 3908 dish,
1036 3839 1218 3894 flehen
1264 3837 1356 3893 fur
1402 3837 1532 3891 dich

410 3930 505 3966 um
556 3909 749 3965 Gnade
794 3913 891 3981 (sc.
943 3927 978 3965 a
1025 3909 1297 3979 Caesare).
1338 3940 1403 3950 —
1441 3911 1534 3964 ius

413 3985 502 4038 ad.
532 3998 646 4037 ‘non
672 3982 863 4052 habeo]
896 3982 980 4036 als
1008 3980 1263 4037 frfiherer
1291 3981 1531 4051 Gegner‚

412 4055 511 4107 der
556 4052 731 4108 selbst
779 4055 879 4109 der
913 4051 1263 4122 Fursprache
1307 4051 1535 4107 bedurft

413 4125 588 4178 hatte.
621 4153 686 4163 —
716 4124 772 4178 A
799 4126 911 4180 tuis
936 4125 1041 4179 reli
1040 4124 1186 4195 quis]
1221 4123 1353 4178 Dass
1382 4122 1534 4178 seine

413 4194 792 4249 Verwandten
848 4195 967 4249 sich
1023 4195 1184 4249 nicht
1227 4214 1297 4249 zu
1343 4196 1535 4250 seinen

415 4263 665 4318 Gunsten
726 4265 1058 4334 bemfihten,
1121 4266 1337 4334 spricht
1388 4266 1536 4320 auch

412 4333 712 4387 Marcellus
759 4335 920 4390 nicht
964 4336 1293 4391 undeutlich
1333 4335 1394 4391 in
1431 4337 1535 4391 sei-

416 4420 547 4459 nem
598 4402 784 4459 Briefe
841 4422 914 4459 an
962 4405 1153 4462 Cicero
1200 4408 1439 4475 (111.22.
1481 4410 1536 4476 1)

1704 3251 1887 3305 ΕΡῙεΤ.
1926 3250 2073 3304 XXI.
2112 3253 2259 3320 (708.
2296 3251 2407 3320 46.)

1714 3346 1761 3394 1.
1806 3339 1868 3408 Q.
1910 3339 2132 3420 Mucio]
2173 3338 2235 3404 Q.
2264 3336 2486 3391 Mucius
2525 3337 2769 3392 Scavola

1638 3427 1755 3465 war
1803 3409 1911 3465 mit
1957 3409 2196 3476 Quintus
2246 3407 2438 3463 Cicero
2485 3409 2546 3462 in
2594 3409 2768 3463 Asien

1639 3497 1911 3552 gewesen.
1985 3482 2061 3535 Er
2097 3497 2215 3534 war
2251 3482 2414 3535 unter
2452 3480 2579 3533 dem
2613 3479 2764 3534 Kon-

1641 3553 1790 3607 sulat
1853 3551 1951 3607 des
2017 3550 2296 3606 Domitius
2359 3551 2771 3605 Ahenobarbus

1639 3622 2009 3677 Volkstribun
2046 3624 2162 3676 und
2197 3622 2431 3692 gehorte
2471 3622 2571 3675 der
2600 3622 2686 3691 Op
2689 3621 2764 3676 ti-

1641 3694 2016 3763 matenpartei
2055 3711 2143 3748 an.
2176 3724 2239 3733 -
2269 3691 2453 3762 rebus]
2493 3691 2607 3748 Der
2635 3691 2768 3747 wei-

1639 3767 1758 3820 tere
1781 3763 1998 3834 Begriff
2018 3763 2109 3818 fiir
2136 3766 2245 3819 den
2263 3764 2576 3818 deutschen
2595 3780 2766 3832 enge-

1639 3853 1756 3904 ren,
1798 3835 2111 3891 ‘dieselben
2139 3835 2382 3890 Punkte’
2419 3860 2487 3880 =
2516 3834 2765 3891 Grfinde.

1642 3938 1708 3949 —-
1750 3908 1938 3962 Multa
1989 3909 2197 3963 videbis
2251 3906 2372 3976 eta]
2429 3906 2539 3959 Zur
2584 3905 2768 3960 Sache

1641 3979 1755 4048 vgl.
1796 3981 1941 4033 oben
1979 3984 2061 4033 16.
2102 3984 2151 4032 2
2211 4010 2277 4018 -
2333 3994 2455 4033 eum
2502 3978 2648 4032 idem
2695 4007 2765 4017 --

1641 4050 1916 4121 laborare]
1975 4050 2065 4105 ein
2121 4049 2272 4104 ahnl.
2329 4048 2661 4131 Asynndeton
2715 4064 2760 4100 s.

1642 4127 1672 4187 ξ
1702 4126 1760 4175 2.
1801 4122 2069 4177 dieere—
2097 4122 2238 4187 licet,
2274 4125 2304 4185 β
2333 4126 2391 4174 3.
2428 4121 2494 4173 in
2519 4119 2769 4173 minimis

1645 4222 1712 4234 -
1741 4194 2010 4260 laborare,
2037 4192 2116 4245 im
2145 4209 2262 4247 vor.
2293 4190 2384 4244 Br.
2414 4195 2444 4256 ἓ
2474 4196 2533 4245 2:
2564 4191 2768 4245 bonum

1643 4266 1808 4319 civem
1856 4294 1923 4304 ——
1961 4264 2339 4333 persequi.
2269 4263 2520 4331 -quod
2575 4260 2767 4343 etiam]

1645 4335 1710 4389 In
1757 4336 1856 4389 der
1891 4333 2246 4404 Entfernung
2281 4332 2484 4387 stellen
2522 4331 2623 4386 wir
2660 4349 2767 4386 uns

1647 4406 1737 4461 ein
1766 4404 2028 4476 Ungluck
2065 4406 2387 4461 schlimmer
2423 4420 2542 4473 vor,
2580 4403 2665 4457 als
2705 4418 2768 4457 es
