<?xml version="1.0" encoding="UTF-8"?>
<!DOCTYPE html PUBLIC "-//W3C//DTD XHTML 1.0 Transitional//EN"
    "http://www.w3.org/TR/xhtml1/DTD/xhtml1-transitional.dtd">
<html xmlns="http://www.w3.org/1999/xhtml" xml:lang="en" lang="en">
 <head>
  <title>
</title>
<meta http-equiv="Content-Type" content="text/html;charset=utf-8" />
  <meta name='ocr-system' content='tesseract 3.04.00' />
  <meta name='ocr-capabilities' content='ocr_page ocr_carea ocr_par ocr_line ocrx_word'/>
</head>
<body>
  <div class='ocr_page' id='page_1' title='image "ausgewhltebrief02freygoog_0093.png"; bbox 0 0 3000 4917; ppageno 0'>
   <div class='ocr_carea' id='block_1_1' title="bbox 1101 243 2590 311">
    <p class='ocr_par' dir='ltr' id='par_1_1' title="bbox 1101 243 2590 311">
     <span class='ocr_line' id='line_1_1' title="bbox 1101 243 2590 311; baseline 0.009 -14"><span class='ocrx_word' id='word_1_1' title='bbox 1101 245 1176 301; x_wconf 83' lang='lat' dir='ltr'>M.</span> <span class='ocrx_word' id='word_1_2' title='bbox 1217 243 1523 300; x_wconf 86' lang='lat' dir='ltr'>TULLIUS</span> <span class='ocrx_word' id='word_1_3' title='bbox 1562 245 1751 301; x_wconf 85' lang='lat' dir='ltr'><strong>TIRO.</strong></span> <span class='ocrx_word' id='word_1_4' title='bbox 2507 245 2590 311; x_wconf 79' lang='grc'>79</span> 
     </span>
    </p>
   </div>
   <div class='ocr_carea' id='block_1_2' title="bbox 246 406 2661 1095">
    <p class='ocr_par' dir='ltr' id='par_1_2' title="bbox 246 406 2661 1026">
     <span class='ocr_line' id='line_1_2' title="bbox 248 406 2590 494; baseline 0.001 -22"><span class='ocrx_word' id='word_1_5' title='bbox 248 406 346 472; x_wconf 92' lang='lat' dir='ltr'>ibi</span> <span class='ocrx_word' id='word_1_6' title='bbox 399 407 639 472; x_wconf 88' lang='lat' dir='ltr'>retenti</span> <span class='ocrx_word' id='word_1_7' title='bbox 694 409 904 472; x_wconf 85' lang='lat' dir='ltr'>ventis</span> <span class='ocrx_word' id='word_1_8' title='bbox 962 429 1180 473; x_wconf 88' lang='lat' dir='ltr'>sumus</span> <span class='ocrx_word' id='word_1_9' title='bbox 1235 430 1436 492; x_wconf 88' lang='lat' dir='ltr'>usque</span> <span class='ocrx_word' id='word_1_10' title='bbox 1493 408 1575 472; x_wconf 84' lang='lat' dir='ltr'>ad</span> <span class='ocrx_word' id='word_1_11' title='bbox 1630 431 1685 472; x_wconf 89' lang='lat' dir='ltr'>a.</span> <span class='ocrx_word' id='word_1_12' title='bbox 1741 407 1799 472; x_wconf 89' lang='lat' dir='ltr'>d.</span> <span class='ocrx_word' id='word_1_13' title='bbox 1853 426 1948 472; x_wconf 86' lang='lat' dir='ltr'>Ix.</span> <span class='ocrx_word' id='word_1_14' title='bbox 2000 407 2079 473; x_wconf 89' lang='lat' dir='ltr'>K.</span> <span class='ocrx_word' id='word_1_15' title='bbox 2134 407 2418 493; x_wconf 87' lang='lat' dir='ltr'>Interea,</span> <span class='ocrx_word' id='word_1_16' title='bbox 2480 410 2590 494; x_wconf 90' lang='lat' dir='ltr'>qui</span> 
     </span>
     <span class='ocr_line' id='line_1_3' title="bbox 248 495 2661 582; baseline 0.001 -22"><span class='ocrx_word' id='word_1_17' title='bbox 248 496 481 580; x_wconf 89' lang='lat' dir='ltr'>cupide</span> <span class='ocrx_word' id='word_1_18' title='bbox 535 497 812 580; x_wconf 87' lang='lat' dir='ltr'>profecti</span> <span class='ocrx_word' id='word_1_19' title='bbox 867 499 1045 577; x_wconf 88' lang='lat' dir='ltr'>sunt,</span> <span class='ocrx_word' id='word_1_20' title='bbox 1099 497 1288 561; x_wconf 90' lang='lat' dir='ltr'>multi</span> <span class='ocrx_word' id='word_1_21' title='bbox 1340 496 1684 581; x_wconf 87' lang='lat' dir='ltr'>naufragia</span> <span class='ocrx_word' id='word_1_22' title='bbox 1737 496 2044 562; x_wconf 89' lang='lat' dir='ltr'>fecerunt.</span> <span class='ocrx_word' id='word_1_23' title='bbox 2142 495 2282 562; x_wconf 90' lang='lat' dir='ltr'>Nos</span> <span class='ocrx_word' id='word_1_24' title='bbox 2347 520 2423 562; x_wconf 88' lang='lat' dir='ltr'>eo</span> <span class='ocrx_word' id='word_1_25' title='bbox 2487 499 2590 563; x_wconf 91' lang='lat' dir='ltr'>die</span> <span class='ocrx_word' id='word_1_26' title='bbox 2607 519 2661 582; x_wconf 73' lang='lat'><strong>2</strong></span> 
     </span>
     <span class='ocr_line' id='line_1_4' title="bbox 248 585 2589 669; baseline 0.001 -19"><span class='ocrx_word' id='word_1_27' title='bbox 248 585 464 650; x_wconf 88' lang='lat' dir='ltr'>cenati</span> <span class='ocrx_word' id='word_1_28' title='bbox 528 585 868 650; x_wconf 85' lang='lat' dir='ltr'>solvimus:</span> <span class='ocrx_word' id='word_1_29' title='bbox 939 586 1083 649; x_wconf 90' lang='lat' dir='ltr'>inde</span> <span class='ocrx_word' id='word_1_30' title='bbox 1151 588 1371 651; x_wconf 88' lang='lat' dir='ltr'>austro</span> <span class='ocrx_word' id='word_1_31' title='bbox 1435 586 1766 649; x_wconf 89' lang='lat' dir='ltr'>lenissimo</span> <span class='ocrx_word' id='word_1_32' title='bbox 1777 636 1794 669; x_wconf 86' lang='lat'><em>‚</em></span> <span class='ocrx_word' id='word_1_33' title='bbox 1870 587 2050 650; x_wconf 85' lang='lat' dir='ltr'>caelo</span> <span class='ocrx_word' id='word_1_34' title='bbox 2111 606 2336 652; x_wconf 86' lang='lat' dir='ltr'>sereno</span> <span class='ocrx_word' id='word_1_35' title='bbox 2400 591 2589 652; x_wconf 89' lang='lat' dir='ltr'>nocte</span> 
     </span>
     <span class='ocr_line' id='line_1_5' title="bbox 246 672 2586 760; baseline 0.001 -22"><span class='ocrx_word' id='word_1_36' title='bbox 246 674 365 739; x_wconf 91' lang='lat' dir='ltr'>illa</span> <span class='ocrx_word' id='word_1_37' title='bbox 412 678 477 738; x_wconf 94' lang='lat' dir='ltr'>et</span> <span class='ocrx_word' id='word_1_38' title='bbox 522 674 623 739; x_wconf 89' lang='lat' dir='ltr'>die</span> <span class='ocrx_word' id='word_1_39' title='bbox 669 679 931 758; x_wconf 91' lang='lat' dir='ltr'>postero</span> <span class='ocrx_word' id='word_1_40' title='bbox 979 675 1048 738; x_wconf 92' lang='lat' dir='ltr'>in</span> <span class='ocrx_word' id='word_1_41' title='bbox 1092 672 1350 739; x_wconf 91' lang='lat' dir='ltr'>Italiam</span> <span class='ocrx_word' id='word_1_42' title='bbox 1398 675 1479 739; x_wconf 92' lang='lat' dir='ltr'>ad</span> <span class='ocrx_word' id='word_1_43' title='bbox 1524 673 1933 757; x_wconf 70' lang='lat' dir='ltr'><strong>Hydruntem</strong></span> <span class='ocrx_word' id='word_1_44' title='bbox 1983 674 2320 740; x_wconf 87' lang='lat' dir='ltr'><strong>ludibundi</strong></span> <span class='ocrx_word' id='word_1_45' title='bbox 2366 698 2586 760; x_wconf 73' lang='lat' dir='ltr'>perve-</span> 
     </span>
     <span class='ocr_line' id='line_1_6' title="bbox 251 762 2588 847; baseline 0.002 -21"><span class='ocrx_word' id='word_1_46' title='bbox 251 763 490 847; x_wconf 85' lang='lat' dir='ltr'>nimus,</span> <span class='ocrx_word' id='word_1_47' title='bbox 535 762 886 847; x_wconf 92' lang='lat' dir='ltr'>eodemque</span> <span class='ocrx_word' id='word_1_48' title='bbox 932 765 1124 828; x_wconf 83' lang='lat' dir='ltr'>vento</span> <span class='ocrx_word' id='word_1_49' title='bbox 1172 763 1483 847; x_wconf 74' lang='lat' dir='ltr'>postridie</span> <span class='ocrx_word' id='word_1_50' title='bbox 1524 798 1605 808; x_wconf 92' lang='lat'>—-</span> <span class='ocrx_word' id='word_1_51' title='bbox 1645 762 1711 826; x_wconf 90' lang='lat' dir='ltr'>id</span> <span class='ocrx_word' id='word_1_52' title='bbox 1758 767 1899 828; x_wconf 89' lang='lat' dir='ltr'>erat</span> <span class='ocrx_word' id='word_1_53' title='bbox 1943 785 1998 827; x_wconf 91' lang='lat' dir='ltr'>a.</span> <span class='ocrx_word' id='word_1_54' title='bbox 2045 763 2102 828; x_wconf 94' lang='lat' dir='ltr'>d.</span> <span class='ocrx_word' id='word_1_55' title='bbox 2148 783 2264 829; x_wconf 82' lang='lat' dir='ltr'>vn.</span> <span class='ocrx_word' id='word_1_56' title='bbox 2311 763 2389 828; x_wconf 90' lang='lat' dir='ltr'>K.</span> <span class='ocrx_word' id='word_1_57' title='bbox 2434 764 2588 840; x_wconf 85' lang='lat' dir='ltr'>Dec.</span> 
     </span>
     <span class='ocr_line' id='line_1_7' title="bbox 254 851 2588 936; baseline 0.001 -20"><span class='ocrx_word' id='word_1_58' title='bbox 254 888 334 898; x_wconf 89' lang='lat'>--</span> <span class='ocrx_word' id='word_1_59' title='bbox 377 852 541 916; x_wconf 87' lang='lat' dir='ltr'>hora</span> <span class='ocrx_word' id='word_1_60' title='bbox 587 857 819 936; x_wconf 81' lang='lat' dir='ltr'>quarta</span> <span class='ocrx_word' id='word_1_61' title='bbox 858 851 1270 916; x_wconf 84' lang='lat' dir='ltr'>Brundisium</span> <span class='ocrx_word' id='word_1_62' title='bbox 1310 852 1629 935; x_wconf 82' lang='lat' dir='ltr'>venimus3</span> <span class='ocrx_word' id='word_1_63' title='bbox 1676 851 2028 936; x_wconf 91' lang='lat' dir='ltr'>eodemque</span> <span class='ocrx_word' id='word_1_64' title='bbox 2063 856 2354 936; x_wconf 89' lang='lat' dir='ltr'>tempore</span> <span class='ocrx_word' id='word_1_65' title='bbox 2394 853 2588 918; x_wconf 87' lang='lat' dir='ltr'>simul</span> 
     </span>
     <span class='ocr_line' id='line_1_8' title="bbox 247 939 2652 1026; baseline 0 -21"><span class='ocrx_word' id='word_1_66' title='bbox 247 941 590 1005; x_wconf 89' lang='lat' dir='ltr'>nobiscum</span> <span class='ocrx_word' id='word_1_67' title='bbox 636 940 704 1005; x_wconf 92' lang='lat' dir='ltr'>in</span> <span class='ocrx_word' id='word_1_68' title='bbox 753 941 1063 1026; x_wconf 90' lang='lat' dir='ltr'>oppidum</span> <span class='ocrx_word' id='word_1_69' title='bbox 1107 940 1358 1006; x_wconf 88' lang='lat' dir='ltr'>introiit</span> <span class='ocrx_word' id='word_1_70' title='bbox 1402 939 1734 1023; x_wconf 84' lang='lat' dir='ltr'>Terentia,</span> <span class='ocrx_word' id='word_1_71' title='bbox 1780 963 1943 1024; x_wconf 89' lang='lat' dir='ltr'>quae</span> <span class='ocrx_word' id='word_1_72' title='bbox 1988 944 2054 1005; x_wconf 88' lang='lat' dir='ltr'>te</span> <span class='ocrx_word' id='word_1_73' title='bbox 2099 940 2261 1006; x_wconf 90' lang='lat' dir='ltr'>facit</span> <span class='ocrx_word' id='word_1_74' title='bbox 2304 942 2588 1026; x_wconf 86' lang='lat' dir='ltr'>plurimi.</span> <span class='ocrx_word' id='word_1_75' title='bbox 2630 976 2652 991; x_wconf 65' lang='grc' dir='ltr'><em>ι</em></span> 
     </span>
    </p>

    <p class='ocr_par' dir='ltr' id='par_1_3' title="bbox 428 1027 2588 1095">
     <span class='ocr_line' id='line_1_9' title="bbox 428 1027 2588 1095; baseline 0 -2"><span class='ocrx_word' id='word_1_76' title='bbox 428 1027 509 1095; x_wconf 91' lang='grc' dir='ltr'>Α.</span> <span class='ocrx_word' id='word_1_77' title='bbox 556 1029 612 1093; x_wconf 94' lang='lat' dir='ltr'>d.</span> <span class='ocrx_word' id='word_1_78' title='bbox 658 1048 722 1095; x_wconf 85' lang='lat' dir='ltr'>v.</span> <span class='ocrx_word' id='word_1_79' title='bbox 768 1030 845 1095; x_wconf 91' lang='lat' dir='ltr'>K.</span> <span class='ocrx_word' id='word_1_80' title='bbox 892 1029 1043 1094; x_wconf 91' lang='lat' dir='ltr'>Dec.</span> <span class='ocrx_word' id='word_1_81' title='bbox 1091 1051 1314 1094; x_wconf 82' lang='lat' dir='ltr'>servus</span> <span class='ocrx_word' id='word_1_82' title='bbox 1356 1027 1469 1095; x_wconf 84' lang='lat' dir='ltr'>Cn.</span> <span class='ocrx_word' id='word_1_83' title='bbox 1507 1028 1756 1094; x_wconf 90' lang='lat' dir='ltr'>Plancii</span> <span class='ocrx_word' id='word_1_84' title='bbox 1791 1028 2124 1094; x_wconf 79' lang='lat' dir='ltr'>Brundisii</span> <span class='ocrx_word' id='word_1_85' title='bbox 2166 1030 2426 1094; x_wconf 89' lang='lat' dir='ltr'>tandem</span> <span class='ocrx_word' id='word_1_86' title='bbox 2476 1031 2588 1095; x_wconf 91' lang='lat' dir='ltr'>ali-</span> 
     </span>
    </p>
   </div>
   <div class='ocr_carea' id='block_1_3' title="bbox 246 1118 2659 1735">
    <p class='ocr_par' dir='ltr' id='par_1_4' title="bbox 246 1118 2659 1735">
     <span class='ocr_line' id='line_1_10' title="bbox 251 1118 2587 1203; baseline 0 -22"><span class='ocrx_word' id='word_1_87' title='bbox 251 1118 506 1202; x_wconf 91' lang='lat' dir='ltr'>quando</span> <span class='ocrx_word' id='word_1_88' title='bbox 554 1118 715 1182; x_wconf 91' lang='lat' dir='ltr'>mihi</span> <span class='ocrx_word' id='word_1_89' title='bbox 762 1141 800 1182; x_wconf 90' lang='lat' dir='ltr'>a</span> <span class='ocrx_word' id='word_1_90' title='bbox 845 1123 910 1184; x_wconf 84' lang='lat' dir='ltr'>te</span> <span class='ocrx_word' id='word_1_91' title='bbox 959 1118 1545 1201; x_wconf 82' lang='lat' dir='ltr'>exspectatissimas</span> <span class='ocrx_word' id='word_1_92' title='bbox 1593 1118 1844 1183; x_wconf 76' lang='lat' dir='ltr'>litteras</span> <span class='ocrx_word' id='word_1_93' title='bbox 1889 1118 2184 1203; x_wconf 86' lang='lat' dir='ltr'>reddidit,</span> <span class='ocrx_word' id='word_1_94' title='bbox 2231 1119 2415 1184; x_wconf 89' lang='lat' dir='ltr'>datas</span> <span class='ocrx_word' id='word_1_95' title='bbox 2463 1118 2587 1182; x_wconf 90' lang='lat' dir='ltr'>Idi-</span> 
     </span>
     <span class='ocr_line' id='line_1_11' title="bbox 249 1206 2586 1291; baseline 0.001 -21"><span class='ocrx_word' id='word_1_96' title='bbox 249 1207 371 1271; x_wconf 91' lang='lat' dir='ltr'>bus</span> <span class='ocrx_word' id='word_1_97' title='bbox 417 1206 609 1291; x_wconf 84' lang='lat' dir='ltr'>Nov.,</span> <span class='ocrx_word' id='word_1_98' title='bbox 665 1229 827 1291; x_wconf 85' lang='lat' dir='ltr'>quae</span> <span class='ocrx_word' id='word_1_99' title='bbox 887 1229 989 1271; x_wconf 93' lang='lat' dir='ltr'>me</span> <span class='ocrx_word' id='word_1_100' title='bbox 1047 1207 1347 1272; x_wconf 90' lang='lat' dir='ltr'>molestia</span> <span class='ocrx_word' id='word_1_101' title='bbox 1401 1206 1590 1271; x_wconf 83' lang='lat' dir='ltr'>valde</span> <span class='ocrx_word' id='word_1_102' title='bbox 1645 1206 1967 1287; x_wconf 88' lang='lat' dir='ltr'>levarunt,</span> <span class='ocrx_word' id='word_1_103' title='bbox 2026 1207 2276 1272; x_wconf 90' lang='lat' dir='ltr'>utinam</span> <span class='ocrx_word' id='word_1_104' title='bbox 2325 1209 2586 1273; x_wconf 92' lang='lat' dir='ltr'>omnino</span> 
     </span>
     <span class='ocr_line' id='line_1_12' title="bbox 249 1295 2587 1381; baseline 0.001 -22"><span class='ocrx_word' id='word_1_105' title='bbox 249 1296 668 1360; x_wconf 78' lang='lat' dir='ltr'>liberassent!</span> <span class='ocrx_word' id='word_1_106' title='bbox 730 1295 840 1360; x_wconf 89' lang='lat' dir='ltr'>sed</span> <span class='ocrx_word' id='word_1_107' title='bbox 884 1299 1105 1360; x_wconf 87' lang='lat' dir='ltr'>tamen</span> <span class='ocrx_word' id='word_1_108' title='bbox 1151 1296 1432 1379; x_wconf 82' lang='lat' dir='ltr'>Asclapo</span> <span class='ocrx_word' id='word_1_109' title='bbox 1489 1295 1773 1360; x_wconf 85' lang='lat' dir='ltr'>medicus</span> <span class='ocrx_word' id='word_1_110' title='bbox 1819 1297 2009 1381; x_wconf 89' lang='lat' dir='ltr'>plane</span> <span class='ocrx_word' id='word_1_111' title='bbox 2056 1298 2395 1361; x_wconf 89' lang='lat' dir='ltr'>confirmat</span> <span class='ocrx_word' id='word_1_112' title='bbox 2438 1319 2587 1380; x_wconf 90' lang='lat' dir='ltr'>pro-</span> 
     </span>
     <span class='ocr_line' id='line_1_13' title="bbox 250 1383 2659 1469; baseline 0 -21"><span class='ocrx_word' id='word_1_113' title='bbox 250 1384 506 1467; x_wconf 91' lang='lat' dir='ltr'>pediem</span> <span class='ocrx_word' id='word_1_114' title='bbox 542 1388 608 1449; x_wconf 88' lang='lat' dir='ltr'>te</span> <span class='ocrx_word' id='word_1_115' title='bbox 647 1386 962 1449; x_wconf 85' lang='lat' dir='ltr'>valentem</span> <span class='ocrx_word' id='word_1_116' title='bbox 1001 1385 1155 1450; x_wconf 88' lang='lat' dir='ltr'>fore.</span> <span class='ocrx_word' id='word_1_117' title='bbox 1230 1384 1420 1449; x_wconf 92' lang='lat' dir='ltr'>Nunc</span> <span class='ocrx_word' id='word_1_118' title='bbox 1458 1383 1607 1468; x_wconf 91' lang='lat' dir='ltr'>quid</span> <span class='ocrx_word' id='word_1_119' title='bbox 1647 1405 1768 1469; x_wconf 92' lang='lat' dir='ltr'>ego</span> <span class='ocrx_word' id='word_1_120' title='bbox 1816 1389 1882 1448; x_wconf 88' lang='lat' dir='ltr'>te</span> <span class='ocrx_word' id='word_1_121' title='bbox 1916 1385 2168 1468; x_wconf 79' lang='lat' dir='ltr'>horter,</span> <span class='ocrx_word' id='word_1_122' title='bbox 2215 1388 2287 1449; x_wconf 88' lang='lat' dir='ltr'>ut</span> <span class='ocrx_word' id='word_1_123' title='bbox 2333 1406 2587 1450; x_wconf 90' lang='lat' dir='ltr'>omnem</span> <span class='ocrx_word' id='word_1_124' title='bbox 2609 1404 2659 1469; x_wconf 72' lang='lat'>3,</span> 
     </span>
     <span class='ocr_line' id='line_1_14' title="bbox 249 1470 2589 1559; baseline 0 -22"><span class='ocrx_word' id='word_1_125' title='bbox 249 1473 656 1559; x_wconf 86' lang='lat' dir='ltr'>diligentiam</span> <span class='ocrx_word' id='word_1_126' title='bbox 722 1470 1028 1539; x_wconf 87' lang='lat' dir='ltr'>adhibeas</span> <span class='ocrx_word' id='word_1_127' title='bbox 1093 1473 1172 1538; x_wconf 89' lang='lat' dir='ltr'>ad</span> <span class='ocrx_word' id='word_1_128' title='bbox 1228 1472 1853 1538; x_wconf 77' lang='lat' dir='ltr'>convalescendum?</span> <span class='ocrx_word' id='word_1_129' title='bbox 1916 1477 2097 1538; x_wconf 90' lang='lat' dir='ltr'>tuam</span> <span class='ocrx_word' id='word_1_130' title='bbox 2161 1474 2589 1558; x_wconf 88' lang='lat' dir='ltr'>prudentiam,</span> 
     </span>
     <span class='ocr_line' id='line_1_15' title="bbox 249 1562 2588 1647; baseline 0 -20"><span class='ocrx_word' id='word_1_131' title='bbox 249 1563 770 1645; x_wconf 85' lang='lat' dir='ltr'>temperantiam,</span> <span class='ocrx_word' id='word_1_132' title='bbox 817 1583 1100 1628; x_wconf 85' lang='lat' dir='ltr'>amorem</span> <span class='ocrx_word' id='word_1_133' title='bbox 1139 1582 1293 1646; x_wconf 90' lang='lat' dir='ltr'>erga</span> <span class='ocrx_word' id='word_1_134' title='bbox 1331 1583 1434 1626; x_wconf 91' lang='lat' dir='ltr'>me</span> <span class='ocrx_word' id='word_1_135' title='bbox 1470 1562 1653 1647; x_wconf 80' lang='lat' dir='ltr'>novi3</span> <span class='ocrx_word' id='word_1_136' title='bbox 1700 1562 1834 1626; x_wconf 92' lang='lat' dir='ltr'>scio</span> <span class='ocrx_word' id='word_1_137' title='bbox 1871 1565 1937 1626; x_wconf 88' lang='lat' dir='ltr'>te</span> <span class='ocrx_word' id='word_1_138' title='bbox 1985 1562 2204 1627; x_wconf 92' lang='lat' dir='ltr'>omnia</span> <span class='ocrx_word' id='word_1_139' title='bbox 2248 1562 2588 1646; x_wconf 85' lang='lat' dir='ltr'>facturum,</span> 
     </span>
     <span class='ocr_line' id='line_1_16' title="bbox 246 1650 2591 1735; baseline 0 -20"><span class='ocrx_word' id='word_1_140' title='bbox 246 1655 320 1716; x_wconf 93' lang='lat' dir='ltr'>ut</span> <span class='ocrx_word' id='word_1_141' title='bbox 373 1650 713 1716; x_wconf 92' lang='lat' dir='ltr'>nobiscum</span> <span class='ocrx_word' id='word_1_142' title='bbox 769 1673 962 1735; x_wconf 90' lang='lat' dir='ltr'>quam</span> <span class='ocrx_word' id='word_1_143' title='bbox 1014 1651 1293 1734; x_wconf 87' lang='lat' dir='ltr'>primum</span> <span class='ocrx_word' id='word_1_144' title='bbox 1351 1652 1467 1734; x_wconf 83' lang='lat' dir='ltr'>sis3</span> <span class='ocrx_word' id='word_1_145' title='bbox 1526 1650 1637 1715; x_wconf 91' lang='lat' dir='ltr'>sed</span> <span class='ocrx_word' id='word_1_146' title='bbox 1695 1654 1917 1715; x_wconf 90' lang='lat' dir='ltr'>tamen</span> <span class='ocrx_word' id='word_1_147' title='bbox 1972 1652 2065 1714; x_wconf 87' lang='lat' dir='ltr'>ita</span> <span class='ocrx_word' id='word_1_148' title='bbox 2111 1651 2330 1732; x_wconf 84' lang='lat' dir='ltr'>velim,</span> <span class='ocrx_word' id='word_1_149' title='bbox 2394 1658 2466 1715; x_wconf 85' lang='lat' dir='ltr'>ut</span> <span class='ocrx_word' id='word_1_150' title='bbox 2508 1674 2591 1715; x_wconf 93' lang='lat' dir='ltr'>ne</span> 
     </span>
    </p>
   </div>
   <div class='ocr_carea' id='block_1_4' title="bbox 247 1739 784 1825">
    <p class='ocr_par' dir='ltr' id='par_1_5' title="bbox 247 1739 784 1825">
     <span class='ocr_line' id='line_1_17' title="bbox 247 1739 784 1825; baseline 0.002 -21"><span class='ocrx_word' id='word_1_151' title='bbox 247 1739 404 1825; x_wconf 91' lang='lat' dir='ltr'>quid</span> <span class='ocrx_word' id='word_1_152' title='bbox 460 1761 784 1822; x_wconf 79' lang='lat' dir='ltr'>propereS.</span> 
     </span>
    </p>
   </div>
   <div class='ocr_carea' id='block_1_5' title="bbox 884 1737 2586 1824">
    <p class='ocr_par' dir='ltr' id='par_1_6' title="bbox 884 1737 2586 1824">
     <span class='ocr_line' id='line_1_18' title="bbox 884 1737 2586 1824; baseline 0 -20"><span class='ocrx_word' id='word_1_153' title='bbox 884 1737 1348 1824; x_wconf 85' lang='lat' dir='ltr'>Symphoniam</span> <span class='ocrx_word' id='word_1_154' title='bbox 1405 1739 1678 1823; x_wconf 84' lang='lat' dir='ltr'>Lysonis</span> <span class='ocrx_word' id='word_1_155' title='bbox 1734 1739 1962 1803; x_wconf 85' lang='lat' dir='ltr'>vellem</span> <span class='ocrx_word' id='word_1_156' title='bbox 2018 1740 2319 1821; x_wconf 79' lang='lat' dir='ltr'>vitasseS,</span> <span class='ocrx_word' id='word_1_157' title='bbox 2381 1762 2461 1804; x_wconf 92' lang='lat' dir='ltr'>ne</span> <span class='ocrx_word' id='word_1_158' title='bbox 2517 1742 2586 1804; x_wconf 91' lang='lat' dir='ltr'>in</span> 
     </span>
    </p>
   </div>
   <div class='ocr_carea' id='block_1_6' title="bbox 249 1828 2587 1913">
    <p class='ocr_par' dir='ltr' id='par_1_7' title="bbox 249 1828 2587 1913">
     <span class='ocr_line' id='line_1_19' title="bbox 249 1828 2587 1913; baseline 0 -21"><span class='ocrx_word' id='word_1_159' title='bbox 249 1831 548 1913; x_wconf 88' lang='lat' dir='ltr'>quartam</span> <span class='ocrx_word' id='word_1_160' title='bbox 602 1829 1006 1894; x_wconf 89' lang='lat' dir='ltr'>hebdomada</span> <span class='ocrx_word' id='word_1_161' title='bbox 1058 1829 1401 1912; x_wconf 85' lang='lat' dir='ltr'>incideres3</span> <span class='ocrx_word' id='word_1_162' title='bbox 1467 1828 1579 1893; x_wconf 89' lang='lat' dir='ltr'>sed</span> <span class='ocrx_word' id='word_1_163' title='bbox 1635 1829 1943 1913; x_wconf 85' lang='lat' dir='ltr'>quoniam</span> <span class='ocrx_word' id='word_1_164' title='bbox 1997 1829 2229 1911; x_wconf 89' lang='lat' dir='ltr'>pudori</span> <span class='ocrx_word' id='word_1_165' title='bbox 2283 1833 2397 1892; x_wconf 89' lang='lat' dir='ltr'>tuo</span> <span class='ocrx_word' id='word_1_166' title='bbox 2453 1852 2587 1892; x_wconf 90' lang='lat' dir='ltr'>ma-</span> 
     </span>
    </p>
   </div>
   <div class='ocr_carea' id='block_1_7' title="bbox 245 1916 1390 2071">
    <p class='ocr_par' dir='ltr' id='par_1_8' title="bbox 245 1916 1390 2071">
     <span class='ocr_line' id='line_1_20' title="bbox 245 1916 1384 2002; baseline 0 -22"><span class='ocrx_word' id='word_1_167' title='bbox 245 1916 431 1982; x_wconf 89' lang='lat' dir='ltr'>luisti</span> <span class='ocrx_word' id='word_1_168' title='bbox 479 1917 745 2000; x_wconf 87' lang='lat' dir='ltr'>obsequi</span> <span class='ocrx_word' id='word_1_169' title='bbox 792 1940 983 2002; x_wconf 91' lang='lat' dir='ltr'>quam</span> <span class='ocrx_word' id='word_1_170' title='bbox 1028 1917 1384 1982; x_wconf 85' lang='lat' dir='ltr'>valetudini</span> 
     </span>
     <span class='ocr_line' id='line_1_21' title="bbox 247 2005 1390 2071; baseline 0 -2"><span class='ocrx_word' id='word_1_171' title='bbox 247 2006 497 2071; x_wconf 90' lang='lat' dir='ltr'>medico</span> <span class='ocrx_word' id='word_1_172' title='bbox 550 2005 760 2071; x_wconf 89' lang='lat' dir='ltr'>honos</span> <span class='ocrx_word' id='word_1_173' title='bbox 816 2006 1161 2071; x_wconf 90' lang='lat' dir='ltr'>haberetur</span> <span class='ocrx_word' id='word_1_174' title='bbox 1216 2010 1282 2070; x_wconf 89' lang='lat' dir='ltr'>et</span> <span class='ocrx_word' id='word_1_175' title='bbox 1335 2007 1390 2069; x_wconf 91' lang='lat' dir='ltr'>ti</span> 
     </span>
    </p>
   </div>
   <div class='ocr_carea' id='block_1_8' title="bbox 247 2096 1188 2177">
    <p class='ocr_par' dir='ltr' id='par_1_9' title="bbox 247 2096 1188 2177">
     <span class='ocr_line' id='line_1_22' title="bbox 247 2096 1188 2177; baseline -0.001 -18"><span class='ocrx_word' id='word_1_176' title='bbox 247 2096 350 2159; x_wconf 90' lang='lat' dir='ltr'>cui</span> <span class='ocrx_word' id='word_1_177' title='bbox 413 2096 737 2177; x_wconf 88' lang='lat' dir='ltr'>iussisset,</span> <span class='ocrx_word' id='word_1_178' title='bbox 803 2098 1188 2160; x_wconf 89' lang='lat' dir='ltr'>curaturum.</span> 
     </span>
    </p>
   </div>
   <div class='ocr_carea' id='block_1_9' title="bbox 1394 1967 1461 2070">
    <p class='ocr_par' dir='ltr' id='par_1_10' title="bbox 1394 1967 1461 2070">
     <span class='ocr_line' id='line_1_23' title="bbox 1394 1967 1461 2070; baseline -0.015 0"><span class='ocrx_word' id='word_1_179' title='bbox 1394 1967 1461 2070; x_wconf 57' lang='lat' dir='ltr'>a</span> 
     </span>
    </p>
   </div>
   <div class='ocr_carea' id='block_1_10' title="bbox 1298 2093 2588 2180">
    <p class='ocr_par' dir='ltr' id='par_1_11' title="bbox 1298 2093 2588 2180">
     <span class='ocr_line' id='line_1_24' title="bbox 1298 2093 2588 2180; baseline 0.002 -22"><span class='ocrx_word' id='word_1_180' title='bbox 1298 2093 1554 2180; x_wconf 83' lang='lat' dir='ltr'>Equum</span> <span class='ocrx_word' id='word_1_181' title='bbox 1632 2101 1698 2159; x_wconf 88' lang='lat' dir='ltr'>et</span> <span class='ocrx_word' id='word_1_182' title='bbox 1763 2096 2008 2159; x_wconf 88' lang='lat' dir='ltr'>mulum</span> <span class='ocrx_word' id='word_1_183' title='bbox 2071 2095 2400 2160; x_wconf 88' lang='lat' dir='ltr'>Brundisii</span> <span class='ocrx_word' id='word_1_184' title='bbox 2462 2095 2588 2160; x_wconf 90' lang='lat' dir='ltr'>tibi</span> 
     </span>
    </p>
   </div>
   <div class='ocr_carea' id='block_1_11' title="bbox 1466 1915 2588 2002">
    <p class='ocr_par' dir='ltr' id='par_1_12' title="bbox 1466 1915 2588 2002">
     <span class='ocr_line' id='line_1_25' title="bbox 1466 1915 2588 2002; baseline -0.001 -21"><span class='ocrx_word' id='word_1_185' title='bbox 1466 1917 1713 2002; x_wconf 90' lang='lat' dir='ltr'>reliqua</span> <span class='ocrx_word' id='word_1_186' title='bbox 1771 1939 1940 1982; x_wconf 89' lang='lat' dir='ltr'>cura.</span> <span class='ocrx_word' id='word_1_187' title='bbox 2031 1915 2226 1983; x_wconf 86' lang='lat' dir='ltr'>Curio</span> <span class='ocrx_word' id='word_1_188' title='bbox 2282 1918 2458 2001; x_wconf 84' lang='lat' dir='ltr'>misi,</span> <span class='ocrx_word' id='word_1_189' title='bbox 2514 1926 2588 1980; x_wconf 86' lang='lat' dir='ltr'>ut</span> 
     </span>
    </p>
   </div>
   <div class='ocr_carea' id='block_1_12' title="bbox 1518 2005 2589 2091">
    <p class='ocr_par' dir='ltr' id='par_1_13' title="bbox 1518 2005 2589 2091">
     <span class='ocr_line' id='line_1_26' title="bbox 1518 2005 2589 2091; baseline 0 -22"><span class='ocrx_word' id='word_1_190' title='bbox 1518 2005 1724 2087; x_wconf 85' lang='lat' dir='ltr'>daret,</span> <span class='ocrx_word' id='word_1_191' title='bbox 1780 2007 1950 2091; x_wconf 92' lang='lat' dir='ltr'>quod</span> <span class='ocrx_word' id='word_1_192' title='bbox 2006 2028 2168 2090; x_wconf 88' lang='lat' dir='ltr'>opus</span> <span class='ocrx_word' id='word_1_193' title='bbox 2217 2010 2408 2090; x_wconf 89' lang='lat' dir='ltr'>esset;</span> <span class='ocrx_word' id='word_1_194' title='bbox 2467 2028 2589 2087; x_wconf 85' lang='lat' dir='ltr'>me,</span> 
     </span>
    </p>
   </div>
   <div class='ocr_carea' id='block_1_13' title="bbox 245 2183 2586 2268">
    <p class='ocr_par' dir='ltr' id='par_1_14' title="bbox 245 2183 2586 2268">
     <span class='ocr_line' id='line_1_27' title="bbox 245 2183 2586 2268; baseline 0.001 -21"><span class='ocrx_word' id='word_1_195' title='bbox 245 2184 501 2268; x_wconf 90' lang='lat' dir='ltr'>reliqui.</span> <span class='ocrx_word' id='word_1_196' title='bbox 598 2183 843 2248; x_wconf 86' lang='lat' dir='ltr'>Romae</span> <span class='ocrx_word' id='word_1_197' title='bbox 899 2206 1124 2250; x_wconf 85' lang='lat' dir='ltr'>vereor</span> <span class='ocrx_word' id='word_1_198' title='bbox 1176 2206 1258 2247; x_wconf 93' lang='lat' dir='ltr'>ne</span> <span class='ocrx_word' id='word_1_199' title='bbox 1313 2206 1389 2249; x_wconf 89' lang='lat' dir='ltr'>ex</span> <span class='ocrx_word' id='word_1_200' title='bbox 1443 2183 1522 2248; x_wconf 90' lang='lat' dir='ltr'>K.</span> <span class='ocrx_word' id='word_1_201' title='bbox 1576 2183 1710 2248; x_wconf 91' lang='lat' dir='ltr'>Ian.</span> <span class='ocrx_word' id='word_1_202' title='bbox 1768 2185 1991 2268; x_wconf 86' lang='lat' dir='ltr'>magni</span> <span class='ocrx_word' id='word_1_203' title='bbox 2056 2184 2377 2249; x_wconf 89' lang='lat' dir='ltr'>tumultus</span> <span class='ocrx_word' id='word_1_204' title='bbox 2433 2185 2586 2249; x_wconf 88' lang='lat' dir='ltr'>sint:</span> 
     </span>
    </p>
   </div>
   <div class='ocr_carea' id='block_1_14' title="bbox 249 2273 1264 2357">
    <p class='ocr_par' dir='ltr' id='par_1_15' title="bbox 249 2273 1264 2357">
     <span class='ocr_line' id='line_1_28' title="bbox 249 2273 1264 2357; baseline 0.002 -21"><span class='ocrx_word' id='word_1_205' title='bbox 249 2294 371 2338; x_wconf 90' lang='lat' dir='ltr'>nos</span> <span class='ocrx_word' id='word_1_206' title='bbox 421 2293 688 2357; x_wconf 83' lang='lat' dir='ltr'>agemus</span> <span class='ocrx_word' id='word_1_207' title='bbox 737 2273 955 2337; x_wconf 87' lang='lat' dir='ltr'>omnia</span> <span class='ocrx_word' id='word_1_208' title='bbox 999 2273 1264 2338; x_wconf 90' lang='lat' dir='ltr'>modice.</span> 
     </span>
    </p>
   </div>
   <div class='ocr_carea' id='block_1_15' title="bbox 247 2359 2657 2711">
    <p class='ocr_par' dir='ltr' id='par_1_16' title="bbox 247 2359 2657 2711">
     <span class='ocr_line' id='line_1_29' title="bbox 428 2359 2657 2446; baseline 0.001 -22"><span class='ocrx_word' id='word_1_209' title='bbox 428 2359 774 2445; x_wconf 85' lang='lat' dir='ltr'>Reliquum</span> <span class='ocrx_word' id='word_1_210' title='bbox 823 2366 939 2445; x_wconf 85' lang='lat' dir='ltr'>est,</span> <span class='ocrx_word' id='word_1_211' title='bbox 983 2366 1058 2426; x_wconf 93' lang='lat' dir='ltr'>ut</span> <span class='ocrx_word' id='word_1_212' title='bbox 1102 2368 1167 2426; x_wconf 91' lang='lat' dir='ltr'>te</span> <span class='ocrx_word' id='word_1_213' title='bbox 1213 2362 1336 2426; x_wconf 92' lang='lat' dir='ltr'>hoc</span> <span class='ocrx_word' id='word_1_214' title='bbox 1381 2383 1609 2446; x_wconf 83' lang='lat' dir='ltr'>rogem</span> <span class='ocrx_word' id='word_1_215' title='bbox 1655 2364 1721 2425; x_wconf 93' lang='lat' dir='ltr'>et</span> <span class='ocrx_word' id='word_1_216' title='bbox 1765 2383 1802 2424; x_wconf 87' lang='lat' dir='ltr'>a</span> <span class='ocrx_word' id='word_1_217' title='bbox 1840 2365 1904 2425; x_wconf 85' lang='lat' dir='ltr'>te</span> <span class='ocrx_word' id='word_1_218' title='bbox 1943 2363 2179 2445; x_wconf 86' lang='lat' dir='ltr'>petam,</span> <span class='ocrx_word' id='word_1_219' title='bbox 2222 2383 2304 2425; x_wconf 94' lang='lat' dir='ltr'>ne</span> <span class='ocrx_word' id='word_1_220' title='bbox 2343 2365 2657 2445; x_wconf 85' lang='lat' dir='ltr'>temere4</span> 
     </span>
     <span class='ocr_line' id='line_1_30' title="bbox 247 2450 2584 2536; baseline -0 -22"><span class='ocrx_word' id='word_1_221' title='bbox 247 2451 518 2536; x_wconf 83' lang='lat' dir='ltr'>naviges</span> <span class='ocrx_word' id='word_1_222' title='bbox 558 2485 641 2497; x_wconf 88' lang='lat'>·—</span> <span class='ocrx_word' id='word_1_223' title='bbox 682 2451 890 2515; x_wconf 90' lang='lat' dir='ltr'>solent</span> <span class='ocrx_word' id='word_1_224' title='bbox 923 2456 1161 2515; x_wconf 88' lang='lat' dir='ltr'>nautae</span> <span class='ocrx_word' id='word_1_225' title='bbox 1190 2451 1493 2516; x_wconf 85' lang='lat' dir='ltr'>festinare</span> <span class='ocrx_word' id='word_1_226' title='bbox 1524 2454 1827 2534; x_wconf 88' lang='lat' dir='ltr'>quaestus</span> <span class='ocrx_word' id='word_1_227' title='bbox 1858 2450 1956 2513; x_wconf 91' lang='lat' dir='ltr'>sui</span> <span class='ocrx_word' id='word_1_228' title='bbox 1985 2470 2178 2513; x_wconf 87' lang='lat' dir='ltr'>causa</span> <span class='ocrx_word' id='word_1_229' title='bbox 2221 2485 2320 2532; x_wconf 90' lang='lat'>-‚</span> <span class='ocrx_word' id='word_1_230' title='bbox 2356 2454 2584 2513; x_wconf 86' lang='lat' dir='ltr'>cautus</span> 
     </span>
     <span class='ocr_line' id='line_1_31' title="bbox 252 2534 2587 2625; baseline -0 -22"><span class='ocrx_word' id='word_1_231' title='bbox 252 2539 362 2621; x_wconf 77' lang='lat' dir='ltr'>siS‚</span> <span class='ocrx_word' id='word_1_232' title='bbox 409 2539 500 2603; x_wconf 92' lang='lat' dir='ltr'>mi</span> <span class='ocrx_word' id='word_1_233' title='bbox 536 2538 709 2622; x_wconf 87' lang='lat' dir='ltr'>Tiro,</span> <span class='ocrx_word' id='word_1_234' title='bbox 755 2561 932 2604; x_wconf 88' lang='lat' dir='ltr'>mare</span> <span class='ocrx_word' id='word_1_235' title='bbox 980 2560 1290 2625; x_wconf 89' lang='lat' dir='ltr'>magnum</span> <span class='ocrx_word' id='word_1_236' title='bbox 1338 2542 1404 2603; x_wconf 88' lang='lat' dir='ltr'>et</span> <span class='ocrx_word' id='word_1_237' title='bbox 1448 2538 1711 2602; x_wconf 84' lang='lat' dir='ltr'>difficile</span> <span class='ocrx_word' id='word_1_238' title='bbox 1758 2538 1881 2602; x_wconf 92' lang='lat' dir='ltr'>tibi</span> <span class='ocrx_word' id='word_1_239' title='bbox 1924 2540 2144 2602; x_wconf 86' lang='lat' dir='ltr'>restat.</span> <span class='ocrx_word' id='word_1_240' title='bbox 2220 2534 2287 2601; x_wconf 81' lang='lat' dir='ltr'>Si</span> <span class='ocrx_word' id='word_1_241' title='bbox 2326 2539 2587 2621; x_wconf 75' lang='lat' dir='ltr'>poteriS‚</span> 
     </span>
     <span class='ocr_line' id='line_1_32' title="bbox 252 2626 2588 2711; baseline -0.001 -19"><span class='ocrx_word' id='word_1_242' title='bbox 252 2649 397 2692; x_wconf 84' lang='lat' dir='ltr'>cum</span> <span class='ocrx_word' id='word_1_243' title='bbox 451 2626 762 2692; x_wconf 83' lang='lat' dir='ltr'>Mescinio</span> <span class='ocrx_word' id='word_1_244' title='bbox 821 2665 903 2675; x_wconf 93' lang='lat'>-</span> <span class='ocrx_word' id='word_1_245' title='bbox 961 2632 1146 2693; x_wconf 90' lang='lat' dir='ltr'>caute</span> <span class='ocrx_word' id='word_1_246' title='bbox 1200 2628 1256 2693; x_wconf 92' lang='lat' dir='ltr'>is</span> <span class='ocrx_word' id='word_1_247' title='bbox 1316 2628 1481 2692; x_wconf 89' lang='lat' dir='ltr'>solet</span> <span class='ocrx_word' id='word_1_248' title='bbox 1526 2626 1836 2711; x_wconf 86' lang='lat' dir='ltr'>navigare</span> <span class='ocrx_word' id='word_1_249' title='bbox 1889 2662 1987 2710; x_wconf 90' lang='lat'>-‚</span> <span class='ocrx_word' id='word_1_250' title='bbox 2043 2626 2099 2690; x_wconf 92' lang='lat' dir='ltr'>si</span> <span class='ocrx_word' id='word_1_251' title='bbox 2146 2628 2387 2709; x_wconf 87' lang='lat' dir='ltr'>minus,</span> <span class='ocrx_word' id='word_1_252' title='bbox 2444 2648 2588 2690; x_wconf 91' lang='lat' dir='ltr'>cum</span> 
     </span>
    </p>
   </div>
   <div class='ocr_carea' id='block_1_16' title="bbox 249 2783 1366 2994">
    <p class='ocr_par' dir='ltr' id='par_1_17' title="bbox 249 2783 1366 2994">
     <span class='ocr_line' id='line_1_33' title="bbox 249 2783 1366 2853; baseline 0 -15"><span class='ocrx_word' id='word_1_253' title='bbox 249 2785 352 2838; x_wconf 83' lang='lat' dir='ltr'>auf</span> <span class='ocrx_word' id='word_1_254' title='bbox 383 2783 625 2853; x_wconf 79' lang='lat' dir='ltr'>Corcyra</span> <span class='ocrx_word' id='word_1_255' title='bbox 658 2785 830 2839; x_wconf 87' lang='lat' dir='ltr'>boten</span> <span class='ocrx_word' id='word_1_256' title='bbox 864 2783 958 2839; x_wconf 88' lang='lat' dir='ltr'>bei</span> <span class='ocrx_word' id='word_1_257' title='bbox 995 2784 1122 2838; x_wconf 84' lang='lat' dir='ltr'>dem</span> <span class='ocrx_word' id='word_1_258' title='bbox 1158 2785 1366 2852; x_wconf 76' lang='lat' dir='ltr'>langen</span> 
     </span>
     <span class='ocr_line' id='line_1_34' title="bbox 250 2853 1364 2911; baseline 0.002 -3"><span class='ocrx_word' id='word_1_259' title='bbox 250 2855 618 2910; x_wconf 83' lang='lat' dir='ltr'>Aufenthalte</span> <span class='ocrx_word' id='word_1_260' title='bbox 647 2857 756 2910; x_wconf 87' lang='lat' dir='ltr'>den</span> <span class='ocrx_word' id='word_1_261' title='bbox 778 2855 1094 2911; x_wconf 85' lang='lat' dir='ltr'>Reisenden</span> <span class='ocrx_word' id='word_1_262' title='bbox 1122 2853 1233 2909; x_wconf 87' lang='lat' dir='ltr'>alle</span> <span class='ocrx_word' id='word_1_263' title='bbox 1262 2855 1364 2910; x_wconf 90' lang='lat' dir='ltr'>Be-</span> 
     </span>
     <span class='ocr_line' id='line_1_35' title="bbox 252 2926 744 2994; baseline 0.002 -14"><span class='ocrx_word' id='word_1_264' title='bbox 252 2926 744 2994; x_wconf 88' lang='lat' dir='ltr'>quemlichkeiten.</span> 
     </span>
    </p>
   </div>
   <div class='ocr_carea' id='block_1_17' title="bbox 244 3032 1367 3813">
    <p class='ocr_par' dir='ltr' id='par_1_18' title="bbox 246 3032 1364 3386">
     <span class='ocr_line' id='line_1_36' title="bbox 319 3032 1364 3104; baseline -0.001 -16"><span class='ocrx_word' id='word_1_265' title='bbox 319 3039 367 3088; x_wconf 81' lang='lat'>2.</span> <span class='ocrx_word' id='word_1_266' title='bbox 424 3033 626 3104; x_wconf 73' lang='lat' dir='ltr'>cenati]</span> <span class='ocrx_word' id='word_1_267' title='bbox 656 3032 1178 3103; x_wconf 86' lang='lat' dir='ltr'>Zeitbestimmung:</span> <span class='ocrx_word' id='word_1_268' title='bbox 1219 3033 1364 3087; x_wconf 74' lang='lat' dir='ltr'>nach</span> 
     </span>
     <span class='ocr_line' id='line_1_37' title="bbox 247 3103 1361 3160; baseline 0.002 -2"><span class='ocrx_word' id='word_1_269' title='bbox 247 3103 367 3158; x_wconf 77' lang='lat' dir='ltr'>dem</span> <span class='ocrx_word' id='word_1_270' title='bbox 402 3104 582 3159; x_wconf 75' lang='lat' dir='ltr'>Essen</span> <span class='ocrx_word' id='word_1_271' title='bbox 617 3105 862 3159; x_wconf 74' lang='lat' dir='ltr'>lichteten</span> <span class='ocrx_word' id='word_1_272' title='bbox 896 3106 1000 3159; x_wconf 83' lang='lat' dir='ltr'>wir</span> <span class='ocrx_word' id='word_1_273' title='bbox 1036 3105 1124 3158; x_wconf 81' lang='lat' dir='ltr'>die</span> <span class='ocrx_word' id='word_1_274' title='bbox 1161 3105 1361 3160; x_wconf 78' lang='lat' dir='ltr'>Anker.</span> 
     </span>
     <span class='ocr_line' id='line_1_38' title="bbox 247 3173 1364 3230; baseline 0.002 -3"><span class='ocrx_word' id='word_1_275' title='bbox 247 3174 351 3228; x_wconf 91' lang='lat' dir='ltr'>Die</span> <span class='ocrx_word' id='word_1_276' title='bbox 408 3191 546 3230; x_wconf 87' lang='lat' dir='ltr'>cena</span> <span class='ocrx_word' id='word_1_277' title='bbox 608 3173 799 3228; x_wconf 86' lang='lat' dir='ltr'>wurde</span> <span class='ocrx_word' id='word_1_278' title='bbox 855 3193 951 3229; x_wconf 93' lang='lat' dir='ltr'>um</span> <span class='ocrx_word' id='word_1_279' title='bbox 1003 3174 1094 3229; x_wconf 86' lang='lat' dir='ltr'>die</span> <span class='ocrx_word' id='word_1_280' title='bbox 1156 3178 1364 3229; x_wconf 88' lang='lat' dir='ltr'>neunte</span> 
     </span>
     <span class='ocr_line' id='line_1_39' title="bbox 249 3244 1363 3316; baseline 0.001 -16"><span class='ocrx_word' id='word_1_281' title='bbox 249 3245 384 3300; x_wconf 88' lang='lat' dir='ltr'>oder</span> <span class='ocrx_word' id='word_1_282' title='bbox 420 3246 621 3299; x_wconf 83' lang='lat' dir='ltr'>zehnte</span> <span class='ocrx_word' id='word_1_283' title='bbox 649 3244 861 3300; x_wconf 86' lang='lat' dir='ltr'>Stunde</span> <span class='ocrx_word' id='word_1_284' title='bbox 895 3246 992 3301; x_wconf 87' lang='lat' dir='ltr'>des</span> <span class='ocrx_word' id='word_1_285' title='bbox 1021 3246 1202 3315; x_wconf 86' lang='lat' dir='ltr'>Tages</span> <span class='ocrx_word' id='word_1_286' title='bbox 1230 3245 1363 3316; x_wconf 85' lang='lat' dir='ltr'>(vgl.</span> 
     </span>
     <span class='ocr_line' id='line_1_40' title="bbox 246 3317 1363 3386; baseline 0.002 -16"><span class='ocrx_word' id='word_1_287' title='bbox 246 3317 341 3371; x_wconf 90' lang='lat'>111.</span> <span class='ocrx_word' id='word_1_288' title='bbox 381 3322 467 3370; x_wconf 79' lang='lat'>24.</span> <span class='ocrx_word' id='word_1_289' title='bbox 507 3319 562 3383; x_wconf 84' lang='lat'>2)</span> <span class='ocrx_word' id='word_1_290' title='bbox 601 3317 1041 3386; x_wconf 86' lang='lat' dir='ltr'>eingenommen‚</span> <span class='ocrx_word' id='word_1_291' title='bbox 1079 3317 1251 3372; x_wconf 88' lang='lat' dir='ltr'>daher</span> <span class='ocrx_word' id='word_1_292' title='bbox 1278 3334 1363 3372; x_wconf 88' lang='lat' dir='ltr'>so-</span> 
     </span>
    </p>

    <p class='ocr_par' dir='ltr' id='par_1_19' title="bbox 285 3387 1366 3459">
     <span class='ocr_line' id='line_1_41' title="bbox 285 3387 1366 3459; baseline 0.002 -18"><span class='ocrx_word' id='word_1_293' title='bbox 285 3387 460 3442; x_wconf 85' lang='lat' dir='ltr'>leich:</span> <span class='ocrx_word' id='word_1_294' title='bbox 497 3388 599 3442; x_wconf 81' lang='lat' dir='ltr'>illa</span> <span class='ocrx_word' id='word_1_295' title='bbox 626 3393 794 3443; x_wconf 73' lang='lat' dir='ltr'>nocte.</span> <span class='ocrx_word' id='word_1_296' title='bbox 833 3418 900 3429; x_wconf 91' lang='lat'><strong>—</strong></span> <span class='ocrx_word' id='word_1_297' title='bbox 937 3389 1000 3443; x_wconf 76' lang='lat' dir='ltr'>id</span> <span class='ocrx_word' id='word_1_298' title='bbox 1032 3388 1172 3459; x_wconf 80' lang='lat' dir='ltr'>erat]</span> <span class='ocrx_word' id='word_1_299' title='bbox 1211 3390 1366 3443; x_wconf 83' lang='lat' dir='ltr'>sonst</span> 
     </span>
    </p>

    <p class='ocr_par' dir='ltr' id='par_1_20' title="bbox 244 3458 1367 3813">
     <span class='ocr_line' id='line_1_42' title="bbox 284 3458 1363 3528; baseline 0.002 -16"><span class='ocrx_word' id='word_1_300' title='bbox 284 3458 422 3512; x_wconf 87' lang='lat' dir='ltr'>ndet</span> <span class='ocrx_word' id='word_1_301' title='bbox 441 3474 570 3511; x_wconf 88' lang='lat' dir='ltr'>man</span> <span class='ocrx_word' id='word_1_302' title='bbox 594 3458 683 3512; x_wconf 86' lang='lat' dir='ltr'>die</span> <span class='ocrx_word' id='word_1_303' title='bbox 697 3458 1047 3528; x_wconf 75' lang='lat' dir='ltr'>personliche</span> <span class='ocrx_word' id='word_1_304' title='bbox 1058 3459 1363 3514; x_wconf 84' lang='lat' dir='ltr'>Konstruk·</span> 
     </span>
     <span class='ocr_line' id='line_1_43' title="bbox 245 3527 1366 3599; baseline 0.001 -16"><span class='ocrx_word' id='word_1_305' title='bbox 245 3527 367 3584; x_wconf 91' lang='lat' dir='ltr'>tion</span> <span class='ocrx_word' id='word_1_306' title='bbox 405 3530 457 3584; x_wconf 74' lang='lat' dir='ltr'>is</span> <span class='ocrx_word' id='word_1_307' title='bbox 493 3535 613 3584; x_wconf 83' lang='lat' dir='ltr'>erat</span> <span class='ocrx_word' id='word_1_308' title='bbox 648 3530 784 3584; x_wconf 92' lang='lat' dir='ltr'>oder</span> <span class='ocrx_word' id='word_1_309' title='bbox 817 3531 916 3599; x_wconf 76' lang='lat' dir='ltr'>qui</span> <span class='ocrx_word' id='word_1_310' title='bbox 946 3531 1061 3585; x_wconf 71' lang='lat' dir='ltr'>dies</span> <span class='ocrx_word' id='word_1_311' title='bbox 1088 3536 1225 3599; x_wconf 81' lang='lat' dir='ltr'>erat,</span> <span class='ocrx_word' id='word_1_312' title='bbox 1260 3529 1366 3584; x_wconf 82' lang='lat' dir='ltr'>wie</span> 
     </span>
     <span class='ocr_line' id='line_1_44' title="bbox 249 3598 1367 3670; baseline 0.004 -17"><span class='ocrx_word' id='word_1_313' title='bbox 249 3598 412 3655; x_wconf 87' lang='lat' dir='ltr'>Catil.</span> <span class='ocrx_word' id='word_1_314' title='bbox 443 3600 485 3654; x_wconf 92' lang='grc'>1.</span> <span class='ocrx_word' id='word_1_315' title='bbox 519 3606 575 3654; x_wconf 81' lang='lat'>7:</span> <span class='ocrx_word' id='word_1_316' title='bbox 614 3606 755 3656; x_wconf 83' lang='lat' dir='ltr'>certo</span> <span class='ocrx_word' id='word_1_317' title='bbox 790 3602 907 3670; x_wconf 81' lang='lat' dir='ltr'>die,</span> <span class='ocrx_word' id='word_1_318' title='bbox 942 3602 1039 3669; x_wconf 75' lang='lat' dir='ltr'>qui</span> <span class='ocrx_word' id='word_1_319' title='bbox 1069 3603 1184 3657; x_wconf 74' lang='lat' dir='ltr'>dies</span> <span class='ocrx_word' id='word_1_320' title='bbox 1210 3603 1367 3669; x_wconf 78' lang='lat' dir='ltr'>futu-</span> 
     </span>
     <span class='ocr_line' id='line_1_45' title="bbox 244 3671 1364 3731; baseline 0.002 -4"><span class='ocrx_word' id='word_1_321' title='bbox 244 3688 342 3727; x_wconf 73' lang='lat' dir='ltr'>rus</span> <span class='ocrx_word' id='word_1_322' title='bbox 396 3677 529 3727; x_wconf 75' lang='lat' dir='ltr'>esset</span> <span class='ocrx_word' id='word_1_323' title='bbox 582 3688 633 3725; x_wconf 83' lang='lat' dir='ltr'>a.</span> <span class='ocrx_word' id='word_1_324' title='bbox 682 3672 735 3726; x_wconf 79' lang='lat' dir='ltr'>d.</span> <span class='ocrx_word' id='word_1_325' title='bbox 781 3671 882 3727; x_wconf 88' lang='lat' dir='ltr'>VI.</span> <span class='ocrx_word' id='word_1_326' title='bbox 923 3672 1057 3731; x_wconf 83' lang='lat' dir='ltr'>Kal.</span> <span class='ocrx_word' id='word_1_327' title='bbox 1106 3672 1249 3729; x_wconf 85' lang='lat' dir='ltr'>Nov.</span> <span class='ocrx_word' id='word_1_328' title='bbox 1297 3703 1364 3714; x_wconf 92' lang='lat'><strong>—</strong></span> 
     </span>
     <span class='ocr_line' id='line_1_46' title="bbox 250 3742 1059 3813; baseline 0.004 -16"><span class='ocrx_word' id='word_1_329' title='bbox 250 3742 347 3798; x_wconf 76' lang='lat' dir='ltr'>Gn.</span> <span class='ocrx_word' id='word_1_330' title='bbox 386 3742 640 3813; x_wconf 78' lang='lat' dir='ltr'>Plancii]</span> <span class='ocrx_word' id='word_1_331' title='bbox 680 3760 722 3797; x_wconf 85' lang='lat' dir='ltr'>s.</span> <span class='ocrx_word' id='word_1_332' title='bbox 760 3762 804 3798; x_wconf 82' lang='lat' dir='ltr'>z.</span> <span class='ocrx_word' id='word_1_333' title='bbox 843 3742 883 3799; x_wconf 94' lang='grc' dir='ltr'>Ι.</span> <span class='ocrx_word' id='word_1_334' title='bbox 923 3749 971 3798; x_wconf 79' lang='grc'>8.</span> <span class='ocrx_word' id='word_1_335' title='bbox 1011 3750 1059 3800; x_wconf 89' lang='grc'>3.</span> 
     </span>
    </p>
   </div>
   <div class='ocr_carea' id='block_1_18' title="bbox 249 3848 1372 4489">
    <p class='ocr_par' dir='ltr' id='par_1_21' title="bbox 249 3848 1371 4276">
     <span class='ocr_line' id='line_1_47' title="bbox 318 3848 1365 3919; baseline 0.001 -17"><span class='ocrx_word' id='word_1_336' title='bbox 318 3855 367 3905; x_wconf 83' lang='grc'>3.</span> <span class='ocrx_word' id='word_1_337' title='bbox 398 3848 509 3919; x_wconf 80' lang='lat' dir='ltr'>ita]</span> <span class='ocrx_word' id='word_1_338' title='bbox 540 3848 984 3904; x_wconf 64' lang='lat' dir='ltr'>einschrankend</span> <span class='ocrx_word' id='word_1_339' title='bbox 1011 3849 1116 3905; x_wconf 83' lang='lat' dir='ltr'>wie</span> <span class='ocrx_word' id='word_1_340' title='bbox 1144 3851 1186 3904; x_wconf 93' lang='lat' dir='ltr'>I.</span> <span class='ocrx_word' id='word_1_341' title='bbox 1210 3856 1293 3906; x_wconf 80' lang='lat'>24.</span> <span class='ocrx_word' id='word_1_342' title='bbox 1317 3856 1365 3905; x_wconf 82' lang='lat'>3.</span> 
     </span>
     <span class='ocr_line' id='line_1_48' title="bbox 249 3918 1366 3992; baseline 0.003 -19"><span class='ocrx_word' id='word_1_343' title='bbox 249 3920 325 3973; x_wconf 91' lang='lat' dir='ltr'>Zu</span> <span class='ocrx_word' id='word_1_344' title='bbox 344 3925 410 3974; x_wconf 79' lang='lat' dir='ltr'>ut</span> <span class='ocrx_word' id='word_1_345' title='bbox 429 3936 499 3974; x_wconf 74' lang='lat' dir='ltr'>ne</span> <span class='ocrx_word' id='word_1_346' title='bbox 515 3919 629 3989; x_wconf 84' lang='lat' dir='ltr'>vgl.</span> <span class='ocrx_word' id='word_1_347' title='bbox 648 3918 715 3974; x_wconf 91' lang='grc' dir='ltr'>ΙΙ.</span> <span class='ocrx_word' id='word_1_348' title='bbox 733 3927 780 3975; x_wconf 85' lang='grc'>6.</span> <span class='ocrx_word' id='word_1_349' title='bbox 799 3926 848 3975; x_wconf 78' lang='grc'>8.</span> <span class='ocrx_word' id='word_1_350' title='bbox 868 3952 932 3961; x_wconf 88' lang='grc'>-</span> <span class='ocrx_word' id='word_1_351' title='bbox 950 3919 1366 3992; x_wconf 73' lang='lat' dir='ltr'>Symphoniam]</span> 
     </span>
     <span class='ocr_line' id='line_1_49' title="bbox 251 3990 1371 4062; baseline 0.001 -18"><span class='ocrx_word' id='word_1_352' title='bbox 251 3990 382 4046; x_wconf 85' lang='lat' dir='ltr'>Tiro</span> <span class='ocrx_word' id='word_1_353' title='bbox 457 4006 578 4044; x_wconf 84' lang='lat' dir='ltr'>war</span> <span class='ocrx_word' id='word_1_354' title='bbox 647 4007 756 4045; x_wconf 82' lang='lat' dir='ltr'>von</span> <span class='ocrx_word' id='word_1_355' title='bbox 826 3992 973 4062; x_wconf 77' lang='lat' dir='ltr'>Lyso</span> <span class='ocrx_word' id='word_1_356' title='bbox 1046 4010 1115 4046; x_wconf 83' lang='lat' dir='ltr'>zu</span> <span class='ocrx_word' id='word_1_357' title='bbox 1188 3990 1371 4047; x_wconf 89' lang='lat' dir='ltr'>einem</span> 
     </span>
     <span class='ocr_line' id='line_1_50' title="bbox 250 4060 1369 4133; baseline 0.002 -18"><span class='ocrx_word' id='word_1_358' title='bbox 250 4060 688 4116; x_wconf 83' lang='lat' dir='ltr'>musikalischen</span> <span class='ocrx_word' id='word_1_359' title='bbox 716 4060 1008 4117; x_wconf 84' lang='lat' dir='ltr'>Gastmahl</span> <span class='ocrx_word' id='word_1_360' title='bbox 1037 4062 1369 4133; x_wconf 81' lang='lat' dir='ltr'>eingeladen</span> 
     </span>
     <span class='ocr_line' id='line_1_51' title="bbox 249 4131 1368 4205; baseline 0.001 -19"><span class='ocrx_word' id='word_1_361' title='bbox 249 4131 497 4187; x_wconf 85' lang='lat' dir='ltr'>worden.</span> <span class='ocrx_word' id='word_1_362' title='bbox 537 4164 604 4173; x_wconf 94' lang='lat'>—</span> <span class='ocrx_word' id='word_1_363' title='bbox 642 4133 1000 4205; x_wconf 78' lang='lat' dir='ltr'>hebdomada]</span> <span class='ocrx_word' id='word_1_364' title='bbox 1038 4134 1138 4188; x_wconf 89' lang='lat' dir='ltr'>der</span> <span class='ocrx_word' id='word_1_365' title='bbox 1193 4134 1368 4188; x_wconf 84' lang='lat' dir='ltr'>‘edes-</span> 
     </span>
     <span class='ocr_line' id='line_1_52' title="bbox 251 4202 1368 4276; baseline 0.004 -19"><span class='ocrx_word' id='word_1_366' title='bbox 251 4203 460 4273; x_wconf 84' lang='lat' dir='ltr'>malige</span> <span class='ocrx_word' id='word_1_367' title='bbox 535 4202 785 4276; x_wconf 76' lang='lat' dir='ltr'>siebente</span> <span class='ocrx_word' id='word_1_368' title='bbox 849 4206 971 4274; x_wconf 86' lang='lat' dir='ltr'>&#39;Pag</span> <span class='ocrx_word' id='word_1_369' title='bbox 1041 4205 1157 4271; x_wconf 77' lang='lat' dir='ltr'>(heb</span> <span class='ocrx_word' id='word_1_370' title='bbox 1198 4206 1368 4274; x_wconf 77' lang='lat' dir='ltr'>omas)</span> 
     </span>
    </p>

    <p class='ocr_par' dir='ltr' id='par_1_22' title="bbox 260 4273 1372 4489">
     <span class='ocr_line' id='line_1_53' title="bbox 289 4273 1370 4331; baseline 0.004 -4"><span class='ocrx_word' id='word_1_371' title='bbox 289 4273 372 4329; x_wconf 86' lang='lat' dir='ltr'>alt</span> <span class='ocrx_word' id='word_1_372' title='bbox 399 4276 489 4330; x_wconf 90' lang='lat' dir='ltr'>bei</span> <span class='ocrx_word' id='word_1_373' title='bbox 528 4276 637 4329; x_wconf 89' lang='lat' dir='ltr'>den</span> <span class='ocrx_word' id='word_1_374' title='bbox 668 4275 871 4331; x_wconf 85' lang='lat' dir='ltr'>Arzten</span> <span class='ocrx_word' id='word_1_375' title='bbox 907 4275 1000 4330; x_wconf 71' lang='lat' dir='ltr'>fur</span> <span class='ocrx_word' id='word_1_376' title='bbox 1024 4275 1251 4331; x_wconf 86' lang='lat' dir='ltr'>Kranke</span> <span class='ocrx_word' id='word_1_377' title='bbox 1286 4277 1370 4331; x_wconf 84' lang='lat' dir='ltr'>als</span> 
     </span>
     <span class='ocr_line' id='line_1_54' title="bbox 294 4345 1372 4417; baseline 0.003 -18"><span class='ocrx_word' id='word_1_378' title='bbox 294 4345 520 4400; x_wconf 83' lang='lat' dir='ltr'>ritisch:</span> <span class='ocrx_word' id='word_1_379' title='bbox 586 4349 869 4415; x_wconf 66' lang='lat' dir='ltr'>septimum</span> <span class='ocrx_word' id='word_1_380' title='bbox 922 4364 1176 4417; x_wconf 75' lang='lat' dir='ltr'>quemque</span> <span class='ocrx_word' id='word_1_381' title='bbox 1230 4349 1372 4402; x_wconf 81' lang='lat' dir='ltr'>diem</span> 
     </span>
     <span class='ocr_line' id='line_1_55' title="bbox 260 4417 1372 4489; baseline 0.004 -20"><span class='ocrx_word' id='word_1_382' title='bbox 260 4417 517 4488; x_wconf 76' lang='grc' dir='ltr'><strong><em>κρίσιμον</em></strong></span> <span class='ocrx_word' id='word_1_383' title='bbox 537 4417 834 4473; x_wconf 67' lang='lat' dir='ltr'>observant.</span> <span class='ocrx_word' id='word_1_384' title='bbox 869 4449 931 4458; x_wconf 93' lang='grc'><strong>-</strong></span> <span class='ocrx_word' id='word_1_385' title='bbox 955 4419 1192 4489; x_wconf 77' lang='lat' dir='ltr'>pudori]</span> <span class='ocrx_word' id='word_1_386' title='bbox 1221 4419 1372 4473; x_wconf 76' lang='lat' dir='ltr'>Zatt-</span> 
     </span>
    </p>
   </div>
   <div class='ocr_carea' id='block_1_19' title="bbox 1470 2781 2593 4485">
    <p class='ocr_par' dir='ltr' id='par_1_23' title="bbox 1470 2781 2593 4259">
     <span class='ocr_line' id='line_1_56' title="bbox 1473 2781 2585 2852; baseline -0.001 -14"><span class='ocrx_word' id='word_1_387' title='bbox 1473 2783 1686 2852; x_wconf 79' lang='lat' dir='ltr'>geffihl,</span> <span class='ocrx_word' id='word_1_388' title='bbox 1744 2783 1842 2838; x_wconf 88' lang='lat' dir='ltr'>das</span> <span class='ocrx_word' id='word_1_389' title='bbox 1896 2783 1996 2836; x_wconf 90' lang='lat' dir='ltr'>ihn</span> <span class='ocrx_word' id='word_1_390' title='bbox 2050 2781 2437 2850; x_wconf 78' lang='lat' dir='ltr'>verhinderte‚</span> <span class='ocrx_word' id='word_1_391' title='bbox 2494 2782 2585 2837; x_wconf 90' lang='lat' dir='ltr'>die</span> 
     </span>
     <span class='ocr_line' id='line_1_57' title="bbox 1472 2854 2584 2924; baseline 0.001 -16"><span class='ocrx_word' id='word_1_392' title='bbox 1472 2854 1793 2924; x_wconf 85' lang='lat' dir='ltr'>Einladung</span> <span class='ocrx_word' id='word_1_393' title='bbox 1828 2855 2191 2909; x_wconf 85' lang='lat' dir='ltr'>abzulehnen.</span> <span class='ocrx_word' id='word_1_394' title='bbox 2231 2884 2299 2893; x_wconf 94' lang='lat'>—</span> <span class='ocrx_word' id='word_1_395' title='bbox 2337 2854 2463 2908; x_wconf 78' lang='lat' dir='ltr'>misi</span> <span class='ocrx_word' id='word_1_396' title='bbox 2499 2855 2584 2924; x_wconf 80' lang='lat' dir='ltr'>ut]</span> 
     </span>
     <span class='ocr_line' id='line_1_58' title="bbox 1473 2924 2587 2993; baseline -0.001 -14"><span class='ocrx_word' id='word_1_397' title='bbox 1473 2927 1597 2980; x_wconf 88' lang='lat' dir='ltr'>eine</span> <span class='ocrx_word' id='word_1_398' title='bbox 1670 2925 1798 2979; x_wconf 85' lang='lat' dir='ltr'>dem</span> <span class='ocrx_word' id='word_1_399' title='bbox 1869 2924 2121 2980; x_wconf 89' lang='lat' dir='ltr'>Briefstil</span> <span class='ocrx_word' id='word_1_400' title='bbox 2194 2925 2587 2993; x_wconf 70' lang='lat' dir='ltr'>angehorende</span> 
     </span>
     <span class='ocr_line' id='line_1_59' title="bbox 1470 2995 2585 3063; baseline 0.001 -14"><span class='ocrx_word' id='word_1_401' title='bbox 1470 2996 1650 3050; x_wconf 77' lang='lat' dir='ltr'>Kflrze</span> <span class='ocrx_word' id='word_1_402' title='bbox 1707 2997 1804 3050; x_wconf 88' lang='lat' dir='ltr'>des</span> <span class='ocrx_word' id='word_1_403' title='bbox 1859 2996 2203 3063; x_wconf 77' lang='lat' dir='ltr'>Ausdrucks3</span> <span class='ocrx_word' id='word_1_404' title='bbox 2262 2995 2467 3050; x_wconf 89' lang='lat' dir='ltr'>ebenso</span> <span class='ocrx_word' id='word_1_405' title='bbox 2519 2995 2585 3050; x_wconf 93' lang='lat' dir='ltr'>II.</span> 
     </span>
     <span class='ocr_line' id='line_1_60' title="bbox 1473 3065 2587 3137; baseline -0.001 -15"><span class='ocrx_word' id='word_1_406' title='bbox 1473 3073 1523 3122; x_wconf 88' lang='grc'>9.</span> <span class='ocrx_word' id='word_1_407' title='bbox 1565 3073 1625 3122; x_wconf 78' lang='lat'>1:</span> <span class='ocrx_word' id='word_1_408' title='bbox 1674 3068 1748 3122; x_wconf 79' lang='lat' dir='ltr'>ad</span> <span class='ocrx_word' id='word_1_409' title='bbox 1791 3072 1843 3120; x_wconf 86' lang='lat' dir='ltr'>te</span> <span class='ocrx_word' id='word_1_410' title='bbox 1886 3069 2184 3132; x_wconf 75' lang='lat' dir='ltr'>mittemus;</span> <span class='ocrx_word' id='word_1_411' title='bbox 2228 3066 2335 3121; x_wconf 90' lang='lat' dir='ltr'>mit</span> <span class='ocrx_word' id='word_1_412' title='bbox 2380 3065 2587 3137; x_wconf 87' lang='lat' dir='ltr'>Objekt</span> 
     </span>
     <span class='ocr_line' id='line_1_61' title="bbox 1470 3138 2586 3208; baseline 0 -17"><span class='ocrx_word' id='word_1_413' title='bbox 1470 3138 1538 3191; x_wconf 88' lang='lat' dir='ltr'>II.</span> <span class='ocrx_word' id='word_1_414' title='bbox 1589 3143 1672 3193; x_wconf 80' lang='lat'>28.</span> <span class='ocrx_word' id='word_1_415' title='bbox 1724 3143 1781 3192; x_wconf 82' lang='lat'>5:</span> <span class='ocrx_word' id='word_1_416' title='bbox 1837 3140 2038 3208; x_wconf 76' lang='lat' dir='ltr'>leyatos</span> <span class='ocrx_word' id='word_1_417' title='bbox 2086 3141 2236 3193; x_wconf 79' lang='lat' dir='ltr'>misit</span> <span class='ocrx_word' id='word_1_418' title='bbox 2287 3143 2411 3205; x_wconf 62' lang='grc' dir='ltr'>σύας</span> <span class='ocrx_word' id='word_1_419' title='bbox 2472 3142 2586 3192; x_wconf 86' lang='lat' dir='ltr'>Att.</span> 
     </span>
     <span class='ocr_line' id='line_1_62' title="bbox 1471 3209 2589 3281; baseline 0 -18"><span class='ocrx_word' id='word_1_420' title='bbox 1471 3210 1538 3265; x_wconf 92' lang='lat' dir='ltr'>X.</span> <span class='ocrx_word' id='word_1_421' title='bbox 1583 3215 1663 3264; x_wconf 87' lang='grc'>16.</span> <span class='ocrx_word' id='word_1_422' title='bbox 1703 3215 1776 3281; x_wconf 45' lang='lat'>5:-</span> <span class='ocrx_word' id='word_1_423' title='bbox 1819 3209 1982 3265; x_wconf 77' lang='lat' dir='ltr'>Misit</span> <span class='ocrx_word' id='word_1_424' title='bbox 2008 3226 2272 3278; x_wconf 79' lang='lat' dir='ltr'>puerum,</span> <span class='ocrx_word' id='word_1_425' title='bbox 2309 3225 2362 3263; x_wconf 79' lang='lat' dir='ltr'>se</span> <span class='ocrx_word' id='word_1_426' title='bbox 2398 3210 2473 3263; x_wconf 80' lang='lat' dir='ltr'>ad</span> <span class='ocrx_word' id='word_1_427' title='bbox 2508 3226 2589 3264; x_wconf 90' lang='lat' dir='ltr'>me</span> 
     </span>
     <span class='ocr_line' id='line_1_63' title="bbox 1470 3271 2584 3336; baseline -0.002 -1"><span class='ocrx_word' id='word_1_428' title='bbox 1470 3283 1666 3336; x_wconf 77' lang='lat' dir='ltr'>venire.</span> <span class='ocrx_word' id='word_1_429' title='bbox 1753 3271 2000 3334; x_wconf 73' lang='lat' dir='ltr'>Ahnlioh</span> <span class='ocrx_word' id='word_1_430' title='bbox 2062 3281 2176 3334; x_wconf 90' lang='lat' dir='ltr'>Att.</span> <span class='ocrx_word' id='word_1_431' title='bbox 2234 3279 2328 3334; x_wconf 89' lang='lat' dir='ltr'>IX.</span> <span class='ocrx_word' id='word_1_432' title='bbox 2388 3284 2471 3334; x_wconf 81' lang='lat'>15.</span> <span class='ocrx_word' id='word_1_433' title='bbox 2531 3286 2584 3333; x_wconf 81' lang='lat'>1:</span> 
     </span>
     <span class='ocr_line' id='line_1_64' title="bbox 1470 3350 2591 3420; baseline -0.001 -15"><span class='ocrx_word' id='word_1_434' title='bbox 1470 3351 1694 3407; x_wconf 79' lang='lat' dir='ltr'>Allatae</span> <span class='ocrx_word' id='word_1_435' title='bbox 1741 3352 1878 3406; x_wconf 78' lang='lat' dir='ltr'>mihi</span> <span class='ocrx_word' id='word_1_436' title='bbox 1932 3351 2130 3420; x_wconf 76' lang='lat' dir='ltr'>Capua</span> <span class='ocrx_word' id='word_1_437' title='bbox 2182 3356 2313 3405; x_wconf 78' lang='lat' dir='ltr'>swnt</span> <span class='ocrx_word' id='word_1_438' title='bbox 2361 3350 2591 3418; x_wconf 76' lang='lat' dir='ltr'>litterae,</span> 
     </span>
     <span class='ocr_line' id='line_1_65' title="bbox 1471 3420 2583 3489; baseline -0.002 -11"><span class='ocrx_word' id='word_1_439' title='bbox 1471 3441 1590 3478; x_wconf 82' lang='lat' dir='ltr'>eum</span> <span class='ocrx_word' id='word_1_440' title='bbox 1610 3425 1673 3478; x_wconf 73' lang='lat' dir='ltr'>in</span> <span class='ocrx_word' id='word_1_441' title='bbox 1693 3424 1913 3478; x_wconf 75' lang='lat' dir='ltr'>Albano</span> <span class='ocrx_word' id='word_1_442' title='bbox 1943 3464 1954 3476; x_wconf 94' lang='lat'>.</span> <span class='ocrx_word' id='word_1_443' title='bbox 1979 3464 1991 3476; x_wconf 93' lang='lat'>.</span> <span class='ocrx_word' id='word_1_444' title='bbox 2018 3423 2150 3489; x_wconf 78' lang='lat' dir='ltr'>fore.</span> <span class='ocrx_word' id='word_1_445' title='bbox 2175 3453 2237 3461; x_wconf 92' lang='lat'><em>-</em></span> <span class='ocrx_word' id='word_1_446' title='bbox 2272 3421 2343 3474; x_wconf 84' lang='lat' dir='ltr'>Ut</span> <span class='ocrx_word' id='word_1_447' title='bbox 2362 3437 2411 3476; x_wconf 89' lang='lat' dir='ltr'>a.</span> <span class='ocrx_word' id='word_1_448' title='bbox 2432 3436 2486 3476; x_wconf 89' lang='lat' dir='ltr'>u.</span> <span class='ocrx_word' id='word_1_449' title='bbox 2505 3420 2583 3476; x_wconf 87' lang='lat' dir='ltr'>St.</span> 
     </span>
     <span class='ocr_line' id='line_1_66' title="bbox 1473 3492 2586 3563; baseline -0.003 -15"><span class='ocrx_word' id='word_1_450' title='bbox 1473 3493 1580 3548; x_wconf 86' lang='lat' dir='ltr'>wie</span> <span class='ocrx_word' id='word_1_451' title='bbox 1600 3494 1742 3549; x_wconf 86' lang='lat' dir='ltr'>oben</span> <span class='ocrx_word' id='word_1_452' title='bbox 1758 3494 1799 3547; x_wconf 91' lang='grc'>1.</span> <span class='ocrx_word' id='word_1_453' title='bbox 1818 3500 1865 3548; x_wconf 86' lang='grc'>6.</span> <span class='ocrx_word' id='word_1_454' title='bbox 1883 3499 1915 3547; x_wconf 80' lang='lat'>2</span> <span class='ocrx_word' id='word_1_455' title='bbox 1929 3494 2077 3547; x_wconf 88' lang='lat' dir='ltr'>nach</span> <span class='ocrx_word' id='word_1_456' title='bbox 2095 3493 2285 3548; x_wconf 75' lang='lat' dir='ltr'>dicere.</span> <span class='ocrx_word' id='word_1_457' title='bbox 2304 3522 2377 3532; x_wconf 93' lang='lat'>—</span> <span class='ocrx_word' id='word_1_458' title='bbox 2394 3492 2586 3563; x_wconf 77' lang='lat' dir='ltr'>honos]</span> 
     </span>
     <span class='ocr_line' id='line_1_67' title="bbox 1474 3562 2587 3636; baseline -0.003 -18"><span class='ocrx_word' id='word_1_459' title='bbox 1474 3566 1545 3620; x_wconf 86' lang='lat' dir='ltr'>de</span> <span class='ocrx_word' id='word_1_460' title='bbox 1574 3566 1814 3636; x_wconf 87' lang='lat' dir='ltr'>pecunia</span> <span class='ocrx_word' id='word_1_461' title='bbox 1839 3564 2107 3633; x_wconf 83' lang='lat' dir='ltr'>intellege</span> <span class='ocrx_word' id='word_1_462' title='bbox 2132 3580 2245 3618; x_wconf 90' lang='lat' dir='ltr'>non</span> <span class='ocrx_word' id='word_1_463' title='bbox 2272 3563 2341 3616; x_wconf 87' lang='lat' dir='ltr'>de</span> <span class='ocrx_word' id='word_1_464' title='bbox 2360 3562 2587 3616; x_wconf 89' lang='lat' dir='ltr'>honore.</span> 
     </span>
     <span class='ocr_line' id='line_1_68' title="bbox 1472 3632 2587 3706; baseline -0.003 -17"><span class='ocrx_word' id='word_1_465' title='bbox 1472 3636 1622 3692; x_wconf 85' lang='lat' dir='ltr'>Man.</span> <span class='ocrx_word' id='word_1_466' title='bbox 1672 3668 1737 3676; x_wconf 95' lang='lat'><em>-</em></span> <span class='ocrx_word' id='word_1_467' title='bbox 1784 3637 1877 3690; x_wconf 77' lang='lat' dir='ltr'>cui</span> <span class='ocrx_word' id='word_1_468' title='bbox 1925 3635 2189 3706; x_wconf 73' lang='lat' dir='ltr'>iussisset]</span> <span class='ocrx_word' id='word_1_469' title='bbox 2241 3634 2432 3688; x_wconf 84' lang='lat' dir='ltr'>Cicero</span> <span class='ocrx_word' id='word_1_470' title='bbox 2468 3632 2587 3686; x_wconf 84' lang='lat' dir='ltr'>will</span> 
     </span>
     <span class='ocr_line' id='line_1_69' title="bbox 1473 3704 2589 3775; baseline -0.005 -12"><span class='ocrx_word' id='word_1_471' title='bbox 1473 3708 1575 3762; x_wconf 82' lang='lat' dir='ltr'>auf</span> <span class='ocrx_word' id='word_1_472' title='bbox 1613 3705 1826 3762; x_wconf 84' lang='lat' dir='ltr'>Curius&#39;</span> <span class='ocrx_word' id='word_1_473' title='bbox 1864 3704 2205 3775; x_wconf 82' lang='lat' dir='ltr'>Anweisung</span> <span class='ocrx_word' id='word_1_474' title='bbox 2251 3705 2434 3759; x_wconf 88' lang='lat' dir='ltr'>einem</span> <span class='ocrx_word' id='word_1_475' title='bbox 2479 3721 2589 3758; x_wconf 85' lang='lat' dir='ltr'>von</span> 
     </span>
     <span class='ocr_line' id='line_1_70' title="bbox 1475 3774 2587 3833; baseline -0.004 0"><span class='ocrx_word' id='word_1_476' title='bbox 1475 3780 1678 3833; x_wconf 86' lang='lat' dir='ltr'>dcssen</span> <span class='ocrx_word' id='word_1_477' title='bbox 1723 3775 2288 3833; x_wconf 63' lang='lat' dir='ltr'>Geschffitsfreunden</span> <span class='ocrx_word' id='word_1_478' title='bbox 2342 3774 2402 3829; x_wconf 86' lang='lat' dir='ltr'>in</span> <span class='ocrx_word' id='word_1_479' title='bbox 2446 3775 2587 3829; x_wconf 89' lang='lat' dir='ltr'>Rom</span> 
     </span>
     <span class='ocr_line' id='line_1_71' title="bbox 1476 3844 2590 3918; baseline -0.004 -15"><span class='ocrx_word' id='word_1_480' title='bbox 1476 3850 1577 3903; x_wconf 81' lang='lat' dir='ltr'>das</span> <span class='ocrx_word' id='word_1_481' title='bbox 1630 3866 1739 3905; x_wconf 82' lang='lat' dir='ltr'>von</span> <span class='ocrx_word' id='word_1_482' title='bbox 1789 3849 1979 3918; x_wconf 89' lang='lat' dir='ltr'>jenem</span> <span class='ocrx_word' id='word_1_483' title='bbox 2027 3846 2400 3914; x_wconf 79' lang='lat' dir='ltr'>verausgabte</span> <span class='ocrx_word' id='word_1_484' title='bbox 2447 3844 2590 3899; x_wconf 85' lang='lat' dir='ltr'>Geld</span> 
     </span>
     <span class='ocr_line' id='line_1_72' title="bbox 1476 3918 2586 3989; baseline -0.005 -14"><span class='ocrx_word' id='word_1_485' title='bbox 1476 3919 1899 3975; x_wconf 79' lang='lat' dir='ltr'>zurflckzahlen.</span> <span class='ocrx_word' id='word_1_486' title='bbox 1974 3950 2042 3959; x_wconf 89' lang='lat'>-—</span> <span class='ocrx_word' id='word_1_487' title='bbox 2106 3918 2453 3989; x_wconf 72' lang='lat' dir='ltr'>curaturum]</span> <span class='ocrx_word' id='word_1_488' title='bbox 2512 3933 2586 3970; x_wconf 89' lang='lat' dir='ltr'>sc.</span> 
     </span>
     <span class='ocr_line' id='line_1_73' title="bbox 1471 3988 2586 4061; baseline -0.004 -14"><span class='ocrx_word' id='word_1_489' title='bbox 1471 3992 1764 4061; x_wconf 75' lang='lat' dir='ltr'>pecuniam</span> <span class='ocrx_word' id='word_1_490' title='bbox 1829 3991 2154 4046; x_wconf 67' lang='lat' dir='ltr'>solvendam.</span> <span class='ocrx_word' id='word_1_491' title='bbox 2210 4019 2278 4029; x_wconf 92' lang='lat'>-</span> <span class='ocrx_word' id='word_1_492' title='bbox 2333 4005 2400 4043; x_wconf 78' lang='lat' dir='ltr'>ex</span> <span class='ocrx_word' id='word_1_493' title='bbox 2452 3988 2586 4043; x_wconf 84' lang='lat' dir='ltr'>Kal.</span> 
     </span>
     <span class='ocr_line' id='line_1_74' title="bbox 1475 4060 2593 4133; baseline -0.003 -16"><span class='ocrx_word' id='word_1_494' title='bbox 1475 4062 1629 4133; x_wconf 66' lang='lat' dir='ltr'>Imm]</span> <span class='ocrx_word' id='word_1_495' title='bbox 1668 4079 1711 4118; x_wconf 86' lang='lat' dir='ltr'>s.</span> <span class='ocrx_word' id='word_1_496' title='bbox 1742 4063 1792 4116; x_wconf 89' lang='lat' dir='ltr'>d.</span> <span class='ocrx_word' id='word_1_497' title='bbox 1814 4060 1959 4115; x_wconf 90' lang='lat' dir='ltr'>Einl.</span> <span class='ocrx_word' id='word_1_498' title='bbox 1990 4081 2033 4114; x_wconf 86' lang='lat' dir='ltr'>z.</span> <span class='ocrx_word' id='word_1_499' title='bbox 2054 4060 2104 4116; x_wconf 88' lang='lat' dir='ltr'>J.</span> <span class='ocrx_word' id='word_1_500' title='bbox 2128 4065 2245 4116; x_wconf 82' lang='lat'>705.</span> <span class='ocrx_word' id='word_1_501' title='bbox 2277 4091 2341 4100; x_wconf 91' lang='lat'>-—</span> <span class='ocrx_word' id='word_1_502' title='bbox 2373 4076 2593 4130; x_wconf 70' lang='lat' dir='ltr'>aqemue</span> 
     </span>
     <span class='ocr_line' id='line_1_75' title="bbox 1476 4130 2591 4202; baseline -0.004 -14"><span class='ocrx_word' id='word_1_503' title='bbox 1476 4151 1524 4189; x_wconf 90' lang='lat' dir='ltr'>o.</span> <span class='ocrx_word' id='word_1_504' title='bbox 1572 4131 1796 4202; x_wconf 83' lang='lat' dir='ltr'>modice]</span> <span class='ocrx_word' id='word_1_505' title='bbox 1844 4151 1937 4185; x_wconf 88' lang='lat' dir='ltr'>um</span> <span class='ocrx_word' id='word_1_506' title='bbox 1984 4131 2187 4185; x_wconf 87' lang='lat' dir='ltr'>keinen</span> <span class='ocrx_word' id='word_1_507' title='bbox 2236 4131 2335 4185; x_wconf 86' lang='lat' dir='ltr'>der</span> <span class='ocrx_word' id='word_1_508' title='bbox 2387 4130 2591 4185; x_wconf 89' lang='lat' dir='ltr'>beiden</span> 
     </span>
     <span class='ocr_line' id='line_1_76' title="bbox 1477 4201 2305 4259; baseline -0.005 0"><span class='ocrx_word' id='word_1_509' title='bbox 1477 4203 1875 4259; x_wconf 81' lang='lat' dir='ltr'>Gewalthaber</span> <span class='ocrx_word' id='word_1_510' title='bbox 1910 4221 1974 4256; x_wconf 87' lang='lat' dir='ltr'>zu</span> <span class='ocrx_word' id='word_1_511' title='bbox 2009 4201 2305 4257; x_wconf 83' lang='lat' dir='ltr'>verletzen.</span> 
     </span>
    </p>

    <p class='ocr_par' dir='ltr' id='par_1_24' title="bbox 1472 4273 2590 4485">
     <span class='ocr_line' id='line_1_77' title="bbox 1550 4273 2590 4342; baseline -0.003 -13"><span class='ocrx_word' id='word_1_512' title='bbox 1550 4281 1601 4331; x_wconf 81' lang='lat'>4.</span> <span class='ocrx_word' id='word_1_513' title='bbox 1665 4281 1860 4328; x_wconf 74' lang='lat' dir='ltr'>cautus</span> <span class='ocrx_word' id='word_1_514' title='bbox 1912 4276 2010 4342; x_wconf 73' lang='lat' dir='ltr'>sis]</span> <span class='ocrx_word' id='word_1_515' title='bbox 2073 4273 2214 4327; x_wconf 79' lang='lat' dir='ltr'>fiber</span> <span class='ocrx_word' id='word_1_516' title='bbox 2276 4274 2384 4327; x_wconf 88' lang='lat' dir='ltr'>den</span> <span class='ocrx_word' id='word_1_517' title='bbox 2441 4273 2590 4327; x_wconf 88' lang='lat' dir='ltr'>Kon-</span> 
     </span>
     <span class='ocr_line' id='line_1_78' title="bbox 1472 4342 2588 4416; baseline -0.004 -16"><span class='ocrx_word' id='word_1_518' title='bbox 1472 4344 1700 4416; x_wconf 87' lang='lat' dir='ltr'>junktiv</span> <span class='ocrx_word' id='word_1_519' title='bbox 1745 4343 1837 4399; x_wconf 73' lang='lat' dir='ltr'>fiir</span> <span class='ocrx_word' id='word_1_520' title='bbox 1882 4345 1990 4398; x_wconf 86' lang='lat' dir='ltr'>den</span> <span class='ocrx_word' id='word_1_521' title='bbox 2034 4344 2338 4413; x_wconf 82' lang='lat' dir='ltr'>Imperativ</span> <span class='ocrx_word' id='word_1_522' title='bbox 2385 4361 2427 4399; x_wconf 84' lang='lat' dir='ltr'>s.</span> <span class='ocrx_word' id='word_1_523' title='bbox 2465 4362 2510 4396; x_wconf 87' lang='lat' dir='ltr'>z.</span> <span class='ocrx_word' id='word_1_524' title='bbox 2547 4342 2588 4396; x_wconf 96' lang='lat' dir='ltr'>I.</span> 
     </span>
     <span class='ocr_line' id='line_1_79' title="bbox 1483 4414 2589 4485; baseline -0.005 -13"><span class='ocrx_word' id='word_1_525' title='bbox 1483 4423 1530 4472; x_wconf 90' lang='lat'>1.</span> <span class='ocrx_word' id='word_1_526' title='bbox 1553 4424 1601 4472; x_wconf 85' lang='lat'>3.</span> <span class='ocrx_word' id='word_1_527' title='bbox 1625 4448 1689 4458; x_wconf 90' lang='lat'>—</span> <span class='ocrx_word' id='word_1_528' title='bbox 1711 4432 1833 4471; x_wconf 83' lang='lat' dir='ltr'>cum</span> <span class='ocrx_word' id='word_1_529' title='bbox 1856 4415 2152 4485; x_wconf 77' lang='lat' dir='ltr'>Mescinio]</span> <span class='ocrx_word' id='word_1_530' title='bbox 2184 4431 2257 4468; x_wconf 90' lang='lat' dir='ltr'>sc.</span> <span class='ocrx_word' id='word_1_531' title='bbox 2278 4414 2497 4483; x_wconf 80' lang='lat' dir='ltr'>naviga.</span> <span class='ocrx_word' id='word_1_532' title='bbox 2522 4441 2589 4453; x_wconf 90' lang='lat'>—-</span> 
     </span>
    </p>
   </div>
  </div>
 </body>
</html>
