3000 4917
1091 247 1150 303 L.
1188 247 1528 303 PAPIRIUS
1563 245 1864 303 PAETUS.
2520 245 2643 310 151

303 413 531 477 multis
576 448 651 458 —
692 433 824 476 non
861 411 1030 476 enim
1067 432 1335 496 possum
1372 411 1562 477 aliter
1598 411 1808 476 dicere
1853 446 1929 458 —
1970 413 2038 474 et
2074 410 2200 475 coli
2246 431 2347 474 me
2393 409 2648 475 videam

295 504 370 567 et
416 501 631 586 diligi,
684 522 874 565 nemo
922 504 1023 564 est
1067 501 1331 565 illorum
1379 500 1667 564 omnium
1713 500 1876 564 mihi
1919 502 1986 563 te
2030 498 2383 563 iucundior.
2473 497 2646 564 Nam

300 591 476 674 quod
514 612 617 653 me
657 611 854 673 amas,
901 589 1072 673 quod
1109 588 1176 653 id
1212 592 1278 654 et
1323 589 1454 652 iam
1492 589 1744 671 pridem
1792 591 1857 652 et
1904 590 2278 653 constanter
2318 587 2500 672 facis,
2546 592 2646 651 est

299 679 369 743 id
427 678 683 764 quidem
739 697 1046 762 magnum
1102 682 1296 763 atque
1348 677 1525 741 haud
1583 678 1714 742 scio
1772 699 1855 741 an
1913 676 2293 758 maximum,
2359 676 2469 741 sed
2522 676 2647 741 tibi

294 788 643 832 commune
700 788 845 832 cum
891 767 1147 850 multis3
1205 766 1376 851 quod
1421 770 1495 830 tu
1541 766 1682 850 ipse
1726 772 1866 831 tam
1913 765 2225 829 amandus
2273 785 2341 829 es
2385 768 2645 848 tamque

295 855 510 920 dulcis
554 859 818 940 tamque
864 856 934 919 in
980 857 1157 920 omni
1203 874 1436 938 genere
1482 855 1824 938 iucundus,
1873 854 1940 918 id
1987 857 2087 919 est
2129 853 2389 938 proprie
2434 857 2638 918 tuum.

301 942 637 1009 Accedunt
692 965 822 1008 non
868 942 1099 1029 Attici,
1156 943 1269 1008 sed
1320 943 1621 1009 salsiores
1668 965 1861 1027 quam
1916 942 2016 1007 illi
2062 941 2456 1026 Atticorum,
2514 941 2642 1008 Ro·
2664 947 2706 1012 2

285 1034 482 1097 ‘mani
536 1038 786 1098 veteres
844 1035 1037 1116 atque
1092 1033 1326 1097 urbani
1391 1032 1578 1098 sales.
1678 1031 1822 1116 Ego
1880 1036 2095 1096 autem
2163 1066 2248 1077 —
2314 1030 2643 1096 existimes

298 1122 475 1207 licet,
513 1121 683 1207 quod
720 1122 883 1186 libet
915 1157 991 1169 —
1025 1121 1293 1186 mirifice
1330 1121 1554 1206 capior
1587 1121 1862 1205 facetiis,
1908 1121 2184 1185 maxime
2227 1120 2643 1202 nostratibus,

297 1210 682 1293 praesertim
728 1231 873 1274 cum
921 1231 1030 1274 eas
1066 1209 1316 1274 videam
1352 1210 1637 1293 primum
1679 1209 1919 1275 oblitas
1956 1209 2146 1274 Latio
2182 1212 2343 1292 tum,
2388 1230 2536 1274 cum
2572 1209 2643 1272 in

296 1300 526 1363 urbem
573 1301 862 1363 nostram
920 1302 1020 1364 est
1062 1299 1272 1363 infusa
1316 1299 1777 1384 peregrinitas,
1829 1318 2002 1362 nunc
2056 1318 2206 1362 vero
2252 1298 2453 1362 etiam
2498 1298 2641 1361 bra·

292 1388 464 1452 catis
531 1392 596 1452 et
651 1387 1096 1472 Transalpinis
1162 1389 1569 1471 nationibus,
1642 1392 1717 1452 ut
1785 1388 2037 1452 nullum
2101 1386 2337 1451 veteris
2400 1386 2641 1469 leporis

297 1476 649 1563 vestigium
688 1480 1016 1561 appareat.
1078 1476 1322 1561 Itaque,
1358 1480 1424 1539 te
1463 1498 1608 1541 cum
1646 1477 1849 1559 video,
1887 1497 2111 1542 omnes
2148 1475 2310 1540 mihi
2348 1473 2643 1557 GraniOS,

295 1587 527 1630 omnes
556 1564 857 1650 Lucilios,
893 1587 1042 1630 vere
1070 1572 1143 1630 ut
1181 1566 1409 1647 dicam,
1445 1565 1716 1630 Crassos
1755 1586 2007 1650 quoque
2045 1567 2112 1628 et
2136 1563 2389 1629 Laelios
2427 1564 2641 1629 videre

295 1655 546 1720 videor:
604 1655 873 1736 moriar,
929 1655 984 1718 si
1028 1658 1284 1738 praeter
1335 1658 1405 1718 te
1461 1675 1847 1739 quemquam
1902 1653 2223 1737 reliquum
2279 1652 2486 1717 habeo
2495 1703 2514 1737 ‚
2571 1652 2642 1717 in

292 1765 431 1828 quo
479 1744 725 1827 possim
769 1742 1118 1828 imaginem
1167 1743 1468 1826 antiquae
1516 1747 1581 1807 et
1616 1742 1996 1807 vernaculae
2031 1741 2407 1806 festivitatis
2446 1761 2642 1827 agno-

369 1941 421 1989 2.
467 1935 668 2007 Attici]
715 1935 798 1990 De
844 1937 982 1989 orat.
1030 1935 1100 1988 11.
1145 1940 1231 1991 54.
1281 1940 1413 1990 21¹2:

295 2007 511 2063 Inveni
544 2012 753 2075 autem,
792 2006 1008 2075 spricht
1043 2007 1238 2074 Casar,
1276 2007 1415 2061 ridi-

289 2079 427 2134 cula
454 2084 504 2133 et
529 2079 680 2133 salsa
698 2078 874 2133 multa
894 2077 1254 2133 Graecorum.-
1284 2094 1417 2132 nam

293 2155 350 2204 et
386 2148 566 2204 Siculi
609 2150 673 2203 in
718 2165 777 2204 eo
812 2165 1000 2218 yenere
1035 2153 1086 2203 et
1120 2148 1331 2203 Rhodii
1365 2156 1417 2205 et

297 2221 573 2292 Byzantii
630 2225 680 2274 et
725 2225 942 2289 praeter
992 2226 1187 2276 ceteros
1239 2221 1416 2275 Attici

290 2291 585 2346 excellunt.
660 2290 852 2346 Cicero
886 2290 1045 2345 indes
1086 2289 1197 2362 gab
1233 2289 1415 2345 hierin

291 2363 408 2416 den
441 2361 685 2416 Romern
732 2362 839 2416 den
882 2360 1123 2432 Vorzug.
1162 2392 1229 2402 —
1268 2362 1415 2434 licet]

294 2432 384 2487 als
421 2432 795 2502 impersonale
832 2433 961 2486 dem
993 2431 1149 2503 Conj.
1189 2450 1414 2488 conces-

293 2505 448 2559 uivus
492 2504 887 2574 nachfolgend.
937 2534 1003 2545 —
1051 2521 1173 2559 eumz
1209 2520 1299 2557 eas
1333 2505 1414 2557 vi-

289 2576 455 2630 deam
463 2576 710 2644 primum
730 2576 928 2630 oblitas
945 2575 1112 2630 Latio
1130 2575 1252 2645 etc.]
1308 2573 1415 2629 Die

298 2646 530 2700 Sohar-fe
578 2645 694 2699 und
731 2645 977 2716 Eleganz
1024 2646 1123 2701 des
1160 2646 1293 2700 echt
1327 2651 1413 2699 ro-

294 2718 552 2771 mischen
614 2717 826 2771 Witzes
886 2732 1005 2772 war
1067 2715 1227 2771 nicht
1289 2716 1413 2770 eine

289 2787 510 2842 Frucht
535 2788 633 2842 des
652 2786 941 2842 Studiums
960 2788 1077 2842 und
1095 2788 1192 2842 des
1213 2787 1412 2843 Unter-

294 2858 501 2928 richiza,
541 2857 782 2913 sondern
818 2857 943 2913 eine
971 2859 1127 2914 Gabe
1166 2859 1263 2912 der
1300 2858 1413 2912 Na-

289 2939 390 2984 tur
429 2930 542 2984 und
569 2927 745 2999 Folge
775 2930 872 2984 des
900 2934 1076 3000 guten
1105 2930 1413 2998 Umgangs-

291 3010 472 3069 tones,
522 3002 621 3055 der
658 3000 874 3056 damals
903 3001 1206 3067 herrschte‚
1245 3002 1415 3055 bevor

289 3071 389 3127 die
425 3072 506 3126 im
540 3071 714 3126 Texte
752 3074 1039 3126 erwahnte
1077 3071 1412 3142 Sprachver·

289 3142 731 3211 schlechterung
759 3142 1048 3213 cium-ang,
1085 3144 1199 3197 und
1237 3144 1413 3197 daher

290 3214 442 3268 anch
458 3230 565 3269 nur
581 3212 642 3267 in
660 3214 769 3268 den
789 3214 1080 3283 spezifisch
1097 3214 1412 3270 romischen

292 3286 553 3340 Hausern
587 3303 654 3339 zu
695 3285 898 3341 finden.
956 3284 1121 3340 Diese
1148 3284 1415 3340 Reinheit

285 3355 393 3410 des
415 3355 825 3412 Geschmackes
854 3358 993 3426 ging
1024 3356 1297 3425 verloren,
1328 3357 1412 3410 als

292 3428 475 3481 durch
510 3428 601 3482 die
637 3426 750 3482 Lex
785 3425 930 3482 Iulia
967 3446 1035 3481 zu
1073 3425 1258 3482 Sullas
1292 3428 1414 3481 Zeit

287 3498 408 3552 den
441 3497 942 3569 Bundesgenossen
987 3498 1089 3552 das
1138 3497 1412 3555 romische

294 3568 672 3639 Burgenecht
721 3570 1009 3624 verliehen
1059 3570 1249 3624 wurde
1298 3571 1410 3635 (ob-

265 3642 429 3696 litae
482 3641 699 3709 Latio),
764 3641 895 3695 weil
949 3639 1159 3711 infolge
1215 3642 1414 3695 dessen

292 3711 423 3766 eine
458 3711 661 3782 Menge
701 3712 984 3781 pereyrini
1031 3713 1414 3781 (pereyrinitas

287 3782 398 3837 das
425 3781 787 3838 Abstractum
824 3786 914 3836 fur
948 3781 1051 3836 das
1081 3782 1412 3838 Concretum

289 3873 331 3909 s.
387 3853 484 3907 111.
533 3859 581 3908 8.
631 3858 702 3923 8.)
755 3853 902 3908 nach
937 3854 1081 3908 Rom
1127 3856 1412 3921 stromten,

293 3927 410 3980 und
463 3925 623 3979 mehr
667 3925 836 3991 noch,
891 3925 976 3978 als
1024 3923 1194 3979 Casar
1249 3940 1414 3993 sogar

291 3995 766 4066 transalpinisohe
822 3993 1035 4049 Gallier
1095 3996 1258 4050 unter
1322 3995 1413 4048 die

294 4068 437 4122 Zahl
476 4067 575 4121 der
611 4064 848 4136 Bfirger‚
890 4066 957 4135 ja
998 4068 1057 4120 in
1094 4066 1203 4120 den
1239 4066 1410 4121 Senat

285 4138 579 4194 aufnahm.
602 4168 665 4178 —
688 4138 951 4204 bracatis]
992 4154 1104 4192 von
1132 4137 1232 4191 der
1257 4136 1409 4191 Klei-

287 4212 446 4281 dung
483 4212 875 4264 entnommene
901 4206 1295 4278 Bezeichnung
1322 4207 1411 4263 fiir

292 4284 393 4335 das
455 4279 929 4348 transalpinische
988 4277 1209 4334 Gallien
1272 4280 1408 4361 (vgl.

290 4353 435 4408 Phil.
465 4351 618 4407 VIII.
650 4355 698 4406 9.
728 4355 821 4404 27:
855 4350 1046 4405 Gallia
1072 4355 1301 4418 comata)
1331 4369 1409 4404 lm

289 4423 609 4494 Gegensatz
647 4438 713 4474 zu
745 4421 934 4477 Gallia
969 4428 1155 4491 toyata
1181 4420 1408 4491 (diess.).

1526 1966 1592 1974 -
1645 1933 1911 2005 Granios]
1962 1933 2024 2000 Q.
2065 1932 2329 2002 Granius,
2371 1932 2461 1989 ein
2497 1933 2640 1988 Aus-

1523 2004 1675 2060 rufer
1702 2008 1967 2075 (praeco),
2002 2022 2123 2060 war
2151 2002 2245 2059 ein
2271 2003 2386 2074 (bei
2412 2003 2525 2061 Cic.
2556 2004 2641 2060 oft

1525 2077 1860 2146 erwahnter)
1916 2074 2234 2146 Witzbold‚
2291 2075 2420 2130 dem
2464 2074 2638 2131 vieles

1523 2148 1915 2217 nachgesehen
1963 2148 2180 2214 wurde,
2231 2145 2349 2201 und
2385 2146 2482 2201 der
2519 2144 2641 2201 sich

1521 2219 1697 2274 vieles
1710 2219 2096 2274 herausnahm.
2128 2216 2259 2272 Seia
2272 2217 2451 2273 Name
2464 2215 2642 2271 findet

1523 2290 1645 2344 sich
1674 2290 1759 2345 oft
1792 2289 1854 2345 in
1887 2290 1995 2344 den
2022 2290 2244 2344 Satiren
2269 2289 2366 2343 des
2390 2287 2513 2342 hier
2533 2287 2639 2342 mit

1521 2360 1639 2415 ihm
1677 2362 1995 2430 genannten
2040 2357 2288 2414 Lucilius
2331 2359 2485 2441 ⁸(geb.
2518 2364 2637 2426 148,

1523 2434 1662 2501 gest.
1711 2436 1813 2485 103
1866 2449 1932 2485 zu
1978 2428 2238 2499 Neapel),
2295 2445 2447 2484 eines
2492 2428 2636 2484 Zeit-

1523 2518 1795 2572 genossen
1846 2501 1960 2556 und
1996 2501 2275 2555 Freundes
2314 2500 2411 2554 des
2448 2497 2638 2554 Lalius

1502 2572 1638 2626 'und
1658 2571 1861 2642 Scipio.
1879 2603 1947 2612 -
1964 2572 2107 2642 vere]
2137 2590 2178 2626 s.
2207 2589 2275 2625 zu
2300 2570 2368 2625 H.
2394 2576 2475 2627 11.
2499 2576 2545 2625 l.
2568 2602 2636 2612 -—

1525 2643 1748 2699 Crassos
1820 2643 1880 2699 L.
1917 2641 2164 2698 Licinius
2202 2641 2457 2706 Crassus,
2508 2641 2633 2711 geb.

1525 2720 1628 2768 140
1656 2731 1706 2769 a.
1776 2717 1874 2783 hr.,
1901 2716 2043 2783 gest.
2063 2719 2150 2781 91,
2179 2730 2295 2767 war
2314 2713 2399 2767 als
2417 2713 2639 2768 Redner

1521 2785 1823 2840 besonders
1860 2785 2037 2839 durch
2071 2783 2394 2840 vollendete
2428 2783 2636 2839 Schon-

1521 2856 1644 2910 heit
1706 2857 1805 2911 der
1858 2857 2024 2910 Form
2092 2854 2209 2910 und
2262 2854 2636 2925 geistreichen

1520 2926 1673 2982 Witz
1726 2927 2003 2982 beruhmt.
2095 2927 2178 2981 De
2234 2929 2373 2983 orat.
2427 2927 2497 2981 11.
2549 2931 2636 2980 54.

1520 3005 1652 3053 220:
1691 2998 1824 3054 Non
1859 3000 2004 3054 enim
2038 2998 2151 3065 fere
2175 2999 2464 3068 quiequam
2490 3014 2637 3068 repe—

1519 3072 1697 3125 rietur
1740 3076 1964 3140 praeter
2015 3071 2162 3125 hunc
2211 3069 2515 3138 (Crassum)
2572 3070 2639 3123 in

1520 3147 1748 3212 utroque
1795 3158 1984 3210 yenere
2028 3142 2227 3212 leporis
2261 3141 2550 3208 excellens,
2586 3146 2637 3196 et

1519 3213 1642 3280 illo,
1688 3214 1833 3283 quod
1867 3215 1933 3267 in
1960 3213 2325 3282 perpetuitate
2359 3212 2637 3279 sermnis,

1519 3290 1571 3338 et
1603 3285 1722 3352 hoc,
1748 3285 1893 3354 quod
1918 3285 1983 3339 in
2009 3285 2276 3339 celeritate
2301 3288 2464 3353 atque
2490 3282 2636 3337 dicto

1519 3360 1610 3410 est.
1652 3386 1720 3396 —
1756 3355 2003 3427 Laelios]
2033 3355 2131 3409 der
2170 3353 2254 3408 als
2290 3353 2512 3407 Redner
2537 3353 2636 3407 be-

1518 3427 1743 3481 riihmte
1762 3426 1983 3483 Freund
2012 3425 2107 3480 des
2128 3425 2405 3495 jungeren
2429 3421 2636 3492 ScipiO,

1519 3497 1577 3551 C.
1634 3497 1875 3552 Laelius.
1928 3529 1990 3537 —
2039 3493 2387 3565 vernaculae]
2438 3495 2636 3550 einhei-

1517 3569 1712 3636 misch,
1763 3586 1871 3623 von
1920 3584 2142 3634 vernae,
2193 3565 2285 3620 die
2331 3564 2413 3618 im
2447 3565 2635 3620 Hause

1522 3640 1838 3708 geborenen
1858 3638 2119 3708 Sklaven,
2140 3637 2231 3693 ein
2250 3637 2425 3691 durch
2441 3636 2634 3691 seinen

1519 3709 1861 3764 Mutterwitz
1896 3708 2014 3765 und
2062 3710 2213 3764 scine
2252 3706 2503 3763 Streiche
2538 3707 2630 3760 be-

1518 3781 1833 3849 ruchtigtes
1883 3780 2235 3836 Geschlecht.
2334 3778 2461 3860 Vgl.
2520 3775 2632 3832 Cic.

1520 3851 1672 3906 Brut.
1711 3857 1797 3906 46.
1840 3857 1967 3921 172,
2003 3868 2091 3907 wo
2129 3852 2314 3905 davon
2350 3849 2441 3903 die
2478 3848 2632 3903 Rede

1520 3922 1612 3988 ist,
1650 3921 1774 3975 dass
1812 3922 1936 3977 dem
1975 3921 2198 3976 Redner
2234 3937 2334 3975 aus
2363 3920 2464 3974 der
2498 3919 2631 3974 Pro-

1519 3992 1647 4047 vinz
1686 3993 1786 4047 der
1821 3994 1928 4047 mit
1953 3994 2245 4048 urbanitas
2271 3990 2632 4046 bezeichnete

1518 4064 1649 4118 echt
1704 4063 1985 4119 romische
2028 4064 2150 4119 Ton
2197 4062 2430 4131 abgehe.
2517 4061 2634 4117 Nee

1517 4137 1616 4189 hoc
1646 4135 1712 4189 in
1737 4136 2045 4190 oratoribus
2072 4136 2227 4189 modo
2255 4137 2502 4204 apparet,
2539 4134 2635 4189 sed

1516 4207 1681 4261 etiam
1734 4208 1797 4261 in
1846 4208 2047 4261 ceteris.
2129 4205 2256 4276 Eyo
2299 4205 2523 4259 memini
2573 4204 2631 4259 T.

1524 4277 1750 4332 Tincam
1769 4278 2170 4341 Placentinum,
2196 4277 2462 4332 hominem
2487 4276 2632 4343 face-

1515 4350 1810 4416 tissimum,
1854 4365 1978 4403 cum
2021 4349 2297 4416 familiari
2340 4353 2527 4402 nostro
2568 4346 2630 4416 Q.

1523 4419 1740 4475 Granio
1780 4436 2050 4489 praecone
2085 4419 2377 4474 dicacitate
2412 4423 2630 4472 certare.
