3000 4917
408 202 535 267 124
1256 202 1391 257 LIB.
1428 202 1496 256 11.
1552 201 1773 257 EPIST.
1811 208 1896 258 27.

402 388 519 451 per
579 366 831 430 litteras
897 364 1159 448 certior,
1223 369 1443 429 tamen
1502 364 1852 428 maximam
1909 364 2230 429 laetitiam
2288 364 2428 448 cepi
2483 386 2562 430 ex
2614 366 2747 430 tuis

403 455 639 519 litteris
688 454 764 518 de
813 475 925 538 spe
971 454 1236 518 minime
1285 452 1483 517 dubia
1529 456 1595 517 et
1640 453 1834 536 plane
1890 452 2225 536 explorata
2277 452 2592 537 triumphi
2634 455 2751 537 tui,

403 563 609 627 neque
655 564 809 607 vero
859 541 942 607 ob
991 564 1134 606 eam
1181 562 1477 624 causam,
1534 561 1660 626 quo
1707 542 1844 625 ipse
1889 541 2144 605 facilius
2191 562 2616 627 consequerer
2666 579 2742 591 —

401 653 555 695 nam
609 631 674 695 id
722 630 979 714 quidem
1027 625 1447 714 ἐπικούρειον
1495 632 1597 693 est
1647 666 1757 713 —,
1813 629 1923 694 sed
1969 628 2358 714 mehercule,
2414 630 2587 714 quod
2632 635 2746 696 tua

404 719 685 803 dignitas
743 722 935 803 atque
993 718 1351 804 amplitudo
1408 718 1567 782 mihi
1633 722 1734 781 est
1788 718 1933 802 ipsa
1988 739 2141 782 cara
2193 739 2307 801 per
2367 740 2453 783 se.
2538 717 2747 795 Quare

406 807 714 892 quoniam
759 807 977 892 plures
1023 811 1097 871 tu
1142 806 1342 871 habes
1391 828 1590 890 quam
1625 807 1841 889 ceteri,
1886 827 2047 890 quos
2086 806 2251 871 scias
2288 806 2358 871 in
2392 806 2564 873 hanc
2600 831 2745 892 pro-

403 896 683 960 vinciam
735 895 1087 981 proficisci,
1142 895 1313 980 quod
1369 898 1433 958 te
1480 895 1721 960 adeunt
1764 894 1898 958 fere
1955 916 2209 978 omnes,
2266 895 2322 959 si
2368 896 2523 979 quid
2567 896 2749 979 velis,

403 984 848 1069 gratissimum
895 983 1061 1048 mihi
1105 984 1354 1067 feceris,
1402 983 1457 1047 si
1505 983 1586 1047 ad
1633 1004 1755 1066 me,
1806 983 1998 1047 simul
2046 986 2238 1067 atque
2286 983 2559 1067 adeptus
2604 985 2751 1069 eris,

407 1073 578 1157 quod
627 1077 693 1137 et
737 1076 809 1137 tu
856 1072 1127 1137 confidis
1175 1075 1241 1135 et
1288 1092 1409 1156 ego
1456 1074 1638 1156 opto,
1686 1072 1936 1136 litteras
1982 1070 2253 1136 miseris
2343 1070 2556 1157 Longi
2602 1073 2750 1137 sub·

403 1162 590 1245 sellii,
635 1164 710 1226 ut
755 1165 979 1226 noster
1012 1159 1356 1244 Pompeius
1404 1160 1719 1245 appellat,
1765 1160 2069 1225 iudicatio
2117 1164 2183 1224 et
2225 1181 2409 1224 mora
2455 1162 2513 1225 si
2560 1183 2749 1245 quem

403 1250 530 1314 tibi
567 1250 724 1314 item
763 1271 962 1313 unum
1000 1251 1356 1314 alterumve
1395 1248 1566 1313 diem
1605 1248 1965 1332 abstulerit,
2010 1285 2087 1293 —
2131 1248 2284 1332 quid
2322 1249 2494 1313 enim
2532 1253 2750 1333 potest

406 1338 731 1422 amplius?
784 1375 861 1385 —
912 1341 1026 1402 tua
1061 1342 1283 1402 tamen
1319 1336 1605 1424 dignitas
1644 1360 1832 1401 suum
1868 1338 2084 1401 locum
2123 1336 2468 1423 obtinebit3
2518 1338 2648 1421 sed,
2695 1339 2747 1403 si

403 1448 509 1491 me
554 1426 792 1510 diligis,
840 1427 896 1490 si
941 1449 979 1490 a
1014 1448 1118 1490 me
1156 1426 1343 1511 diligi
1379 1427 1497 1505 viS,
1544 1426 1624 1489 ad
1660 1447 1762 1490 me
1799 1425 2074 1509 litteraS,
2120 1429 2196 1490 ut
2234 1447 2428 1509 quam
2467 1427 2746 1509 primum

405 1515 661 1580 laetitia
709 1514 998 1598 adficiar,
1045 1514 1310 1579 mittito.
2834 1586 2839 1591 ,

342 1606 382 1670 3
580 1602 672 1667 Et
732 1603 954 1687 velim,
1012 1603 1332 1688 reliquum
1400 1602 1572 1688 quod
1638 1606 1740 1666 est
1802 1602 2107 1685 promissi
2168 1623 2242 1666 ac
2297 1602 2582 1667 muneris
2637 1604 2749 1688 tui,

403 1692 566 1756 mihi
612 1692 975 1776 persolvas:
1023 1714 1168 1756 cum
1212 1693 1427 1774 ipsam
1473 1691 1909 1776 cognitionem
1946 1690 2105 1754 iuris
2146 1691 2405 1776 augurii
2443 1695 2747 1777 consequi

404 1781 612 1864 cupio,
647 1784 788 1844 tum
825 1779 1190 1845 mehercule
1226 1779 1357 1843 tuis
1395 1779 1857 1843 incredibiliter
1895 1779 2126 1843 studiis
2156 1800 2313 1864 erga
2339 1801 2444 1843 me
2472 1781 2747 1845 muneri-

403 1871 651 1954 busque
707 1869 1010 1933 delector.
1101 1866 1285 1944 Quod
1341 1871 1559 1933 autem
1617 1889 1655 1931 a
1709 1889 1814 1931 me
1866 1868 1999 1931 tale
2054 1866 2358 1951 quiddam
2406 1868 2747 1954 desideraS,

406 1979 560 2021 sane
589 1956 753 2021 mihi
781 1956 1316 2022 considerandum
1349 1959 1473 2040 est,
1510 1977 1795 2041 quonam
1831 1960 1896 2019 te
1933 1977 2301 2020 remunerer
2336 1955 2747 2039 potissimum

403 2066 664 2129 genere3
708 2067 861 2109 nam
897 2044 1187 2128 profecto
1224 2066 1356 2119 non
1387 2049 1493 2109 est
1530 2065 1763 2128 meum,
1801 2044 1912 2128 qui
1948 2044 2017 2108 in
2058 2044 2415 2130 scribendo,
2460 2049 2535 2110 ut
2572 2046 2740 2111 soles

405 2133 738 2216 admirari,
783 2136 1040 2198 tantum
1085 2133 1443 2197 industriae
1490 2155 1760 2218 ponam,
1807 2132 2230 2216 committere,
2276 2137 2351 2197 ut
2394 2134 2743 2219 neglegens

405 2224 476 2286 in
522 2222 859 2287 scribendo
898 2220 1096 2287 fuisse
1134 2221 1381 2306 videar3
1426 2222 1809 2305 praesertim
1846 2243 1990 2286 cum
2020 2221 2093 2298 ,id
2128 2243 2262 2286 non
2300 2224 2490 2287 modo
2529 2224 2746 2307 negle-

342 2313 383 2376 4
406 2308 649 2393 gentiS,
708 2310 823 2375 sed
878 2310 1074 2375 etiam
1129 2310 1373 2394 ingrati
1429 2309 1630 2375 animi
1687 2311 1931 2375 crimen
1975 2309 2265 2374 futurum
2314 2311 2415 2376 sit.
2505 2309 2747 2376 Verum

407 2398 568 2463 haec
612 2399 999 2464 videbimus:
1046 2398 1225 2483 illud,
1271 2398 1440 2483 quod
1488 2399 1836 2483 polliceriS,
1881 2399 2076 2463 velim
2123 2420 2242 2483 pro
2287 2402 2404 2463 tua
2449 2400 2572 2465 fide
2611 2400 2749 2464 dili-

408 2488 751 2573 gentiaque
800 2493 864 2551 et
906 2509 1027 2571 pro
1073 2494 1302 2552 nostra
1346 2508 1477 2551 non
1514 2487 1836 2566 instituta,
1884 2487 1992 2551 sed
2031 2488 2163 2550 iam
2199 2488 2560 2552 inveterata
2597 2489 2751 2553 ami-

410 2577 566 2641 citia
611 2598 794 2641 cures
831 2581 889 2641 et
926 2577 1189 2660 enitare,
1236 2579 1311 2639 ut
1348 2575 1739 2660 supplicatio
1777 2576 1967 2640 nobis
2006 2598 2200 2660 quam
2236 2575 2750 2670 honorificentis-

402 2803 443 2858 Ι.
484 2808 572 2857 29.
611 2808 659 2857 2.
699 2833 767 2842 —
806 2818 872 2857 ex
915 2803 1028 2857 tuis
1074 2802 1269 2858 litteris
1305 2805 1371 2858 de
1403 2803 1521 2874 spe]

404 2891 469 2928 ex
516 2874 619 2929 litt.
666 2873 996 2927 bezeichnet
1040 2871 1132 2927 die
1180 2874 1402 2941 Quelle,
1458 2875 1525 2929 de

402 2959 496 3013 spe
559 2943 668 2997 den
722 2943 1083 3013 Gegenstand
1138 2944 1238 2998 der
1289 2944 1521 2998 Frende.

406 3015 485 3067 Zu
522 3013 649 3067 dem
690 3016 935 3068 ersteren
970 3015 1084 3083 vgl.
1122 3014 1189 3070 11.
1228 3021 1313 3071 24.
1353 3022 1410 3069 2:
1455 3032 1524 3070 ex

405 3100 483 3153 ee,
520 3100 588 3137 zu
627 3083 754 3138 dem
791 3085 1024 3139 zweiten
1061 3086 1100 3139 I.
1144 3091 1226 3140 13.
1266 3092 1326 3141 2:
1363 3087 1431 3141 de
1464 3102 1525 3141 re

396 3155 554 3226 publ.
576 3186 643 3194 -
663 3172 731 3210 ne
765 3172 832 3210 ue
858 3173 977 3211 eam
1004 3157 1069 3211 ob
1098 3173 1140 3211 c.
1160 3157 1291 3228 quo]
1313 3157 1524 3212 vollere

406 3226 570 3280 Form
608 3225 697 3279 fiir
774 3244 833 3281 as
860 3227 1248 3296 gewohnliche
1275 3244 1390 3283 ‘mm
1416 3243 1524 3297 quo

406 3297 541 3351 oder
576 3297 675 3350 das
714 3299 1027 3353 erweiterte
1063 3315 1177 3353 non
1211 3315 1272 3354 eo
1299 3314 1422 3369 quo.
1454 3328 1523 3337 —

403 3368 773 3508 mim?
808 3387 911 3511 ξεῖ]
944 3369 1525 3495 Ἑὲἒξωξὲἲέὸῑῑαέᾶ

402 3511 642 3578 sinnung
679 3510 830 3564 eines
867 3510 1233 3580 Epikuriiers,
1283 3510 1381 3564 der
1416 3527 1523 3565 nur

401 3581 503 3635 auf
534 3582 724 3635 seinen
752 3580 972 3635 Vorteil
1009 3581 1171 3636 sieht.
1206 3612 1270 3620 —
1300 3583 1351 3635 si
1386 3582 1524 3649 quid

398 3651 553 3722 velis]
605 3651 679 3705 ob
715 3652 790 3705 du
829 3652 991 3706 einen
1028 3650 1270 3721 Austrag
1305 3651 1518 3706 habest.

401 3724 466 3789 Q.
526 3725 593 3775 fr.
640 3721 708 3777 II.
759 3727 808 3776 2.
861 3729 916 3776 1:
981 3739 1063 3776 me
1123 3738 1276 3777 ‘nemo
1341 3724 1522 3778 adhuc

398 3794 616 3863 royavit
624 3834 643 3862 ,
699 3810 833 3848 num
887 3794 1022 3864 quid
1075 3794 1139 3848 in
1193 3793 1522 3877 Sardiniam}

398 3866 714 4060 2323&
754 3865 1522 4062 sffffffegfflzssazng

400 4023 699 4130 zeichnetyg
733 4022 839 4132 :isit
854 4007 1095 4131 silidam
1122 4021 1374 4131 offaffibli?
1400 4023 1520 4138 {deen

401 4145 588 4199 Senat.
661 4146 854 4202 Dieser
899 4147 1059 4203 hatte
1101 4149 1286 4202 zuerst
1318 4166 1387 4201 zu
1422 4147 1519 4201 be-

401 4215 643 4269 urteilen
701 4219 1045 4285 (iudicatio),
1111 4219 1184 4273 ob
1240 4219 1331 4272 die
1379 4217 1518 4273 Ver·

402 4286 652 4354 waltung
690 4286 788 4340 der
825 4289 1063 4343 Provinz
1096 4289 1207 4342 den
1244 4289 1519 4357 Triumph

401 4357 675 4425 gestatte,
721 4357 872 4411 darm
916 4358 1121 4413 mufste
1167 4359 1265 4412 der
1303 4360 1522 4428 Antrag

1630 2803 1723 2857 bei
1761 2804 1860 2857 der
1892 2803 2485 2873 Volksversammlung
2522 2804 2755 2873 gestellt

1630 2873 1878 2941 werden,
1927 2874 2054 2928 dem
2089 2874 2399 2930 Feldherrn
2433 2877 2533 2929 das
2569 2874 2754 2945 Impe-

1629 2945 1775 2998 rium
1820 2945 1911 2998 ft‘ir
1956 2945 2066 3001 den
2108 2945 2231 3015 Tag
2277 2946 2374 3000 des
2419 2946 2755 3015 Triumphes

1629 3016 1691 3069 in
1728 3016 1829 3069 der
1858 3015 2022 3071 Stadt
2049 3035 2113 3071 zu
2142 3016 2338 3087 geben.
2371 3046 2436 3057 —
2466 3018 2572 3072 tibi
2597 3017 2751 3087 item]

1631 3085 1720 3141 dir
1765 3087 1935 3154 auch,
1981 3086 2089 3142 wie
2135 3088 2310 3143 sehon
2354 3086 2598 3142 anderen
2635 3088 2755 3142 und

1631 3158 1758 3282 delrss
1783 3230 1809 3282 t
1842 3157 1984 3212 eben
2059 3160 2378 3227 genannten
2449 3157 2754 3228 Pompejus

1632 3246 1690 3284 se
1755 3245 1780 3280 s
1812 3270 1824 3282 .

1703 3339 1749 3388 3.
1763 3334 2021 3403 promissi
2039 3350 2105 3389 ac
2122 3334 2387 3405 muneris]
2407 3334 2749 3403 Hendiadys.

1631 3404 1891 3459 Gemeint
1927 3404 2001 3459 ist
2036 3404 2133 3460 des
2162 3405 2379 3475 Appius
2408 3405 2583 3461 Werk
2610 3407 2754 3461 fiber

1631 3476 1731 3530 das
1768 3473 2209 3546 Auguralrecht‚
2250 3493 2361 3531 von
2398 3477 2529 3530 dem
2565 3493 2626 3531 er
2661 3476 2753 3532 ci-

1629 3561 1755 3600 cero
1801 3547 2008 3601 bereits
2057 3547 2221 3601 einen
2256 3547 2382 3601 Teil
2419 3547 2754 3617 zugeeignet

1627 3617 1744 3671 und
1807 3617 1898 3671 die
1953 3616 2322 3687 Fortsetzung
2373 3619 2753 3688 versprochen

1627 3689 1806 3743 hatte.
1879 3686 2006 3743 Von
2044 3687 2236 3743 Cicero
2273 3688 2523 3744 forden-te
2560 3706 2620 3744 es
2656 3690 2754 3744 die

1628 3757 1933 3828 Artigkeit,
1973 3759 2149 3814 durch
2183 3759 2514 3829 Zueignung
2548 3760 2753 3830 irgend

1630 3828 1781 3883 eines
1838 3829 2073 3885 Werkes
2137 3830 2265 3884 dem
2321 3829 2537 3900 Appius
2594 3830 2751 3887 seine

1626 3898 2038 3955 Freundschaft
2090 3919 2157 3955 zu
2210 3902 2518 3970 vergelten.
2567 3934 2635 3942 —
2689 3903 2758 3958 in

1626 3972 1932 4040 scribendo]
1981 3972 2211 4027 seribere
2254 3971 2586 4027 bezeichnet
2625 3972 2755 4028 hier

1627 4041 1687 4095 in
1747 4058 2006 4166 εὲξεὶθω
2067 4042 2235 4098 Sinne
2292 4044 2392 4098 das
2450 4043 2754 4099 Verfassen

1627 4128 1738 4167 von
1822 4130 1890 4167 uc
1933 4130 2047 4168 ern.

1698 4224 1747 4273 4.
1796 4220 1942 4289 quod
1987 4218 2292 4290 polliceris]
2340 4224 2370 4285 ς
2421 4224 2469 4274 1.
2518 4220 2570 4274 si
2612 4222 2754 4300 quid

1627 4290 1888 4346 inciderit
1917 4294 2009 4345 etc.
2040 4320 2108 4329 —
2135 4306 2252 4345 ‘non
2274 4290 2559 4361 instituta]
2588 4291 2752 4346 nicht

1623 4361 1763 4430 jetzt
1800 4361 1916 4415 erst
1944 4360 2276 4430 beginnend.
2299 4392 2367 4402 —
2386 4362 2749 4433 supplicatio]
