3000 4917
1099 225 1174 282 M.
1211 224 1519 281 PORCIUS
1557 224 1764 282 CATO.

2479 225 2613 291 135

1128 405 1480 472 EmsTULA
1526 405 1729 472 XXX.

1159 526 1268 594 (Ad
1301 527 1435 585 fam.
1472 527 1592 585 XV.
1633 531 1705 597 6.)

928 634 1002 687 M.
1041 632 1299 688 CICERO
1339 633 1391 688 S.
1431 635 1497 689 D.
1536 635 1611 690 M.
1650 634 1933 691 CATONI.

441 741 713 808 ‘Laetus
780 764 923 807 sum
987 742 1238 807 laudari
1301 741 1457 825 me’,
1520 743 1736 830 inquit
1798 744 2067 828 Hector,
2133 743 2362 829 opinor
2431 744 2601 827 apud
2629 746 2664 811 1

253 829 600 915 Naevium,
648 830 794 896 ‘abs
839 835 924 914 te,
967 836 1173 917 pater,
1219 853 1257 895 a
1302 831 1568 898 laudato
1607 832 1805 917 viro'3
1852 855 1929 898 ea
1965 837 2064 897 est
2102 832 2275 896 enim
2311 832 2601 917 profecto

133 958 137 963 ·
253 921 539 985 iucunda
583 921 743 1004 laus,
792 941 953 1004 quae
1001 921 1083 984 ab
1128 922 1212 985 iis
1258 920 1710 1005 proficiscitur,
1759 922 1870 1008 qui
1915 922 2042 1006 ipsi
2087 921 2157 986 in
2201 921 2391 986 laude
2429 921 2602 986 vixe-

248 1012 428 1074 runt.
518 1008 662 1094 Ego
711 1031 858 1073 vero
906 1010 1006 1073 vel
1054 1009 1490 1094 gratulatione
1535 1011 1898 1076 litterarum
1945 1016 2206 1076 tuarum
2256 1010 2359 1075 vel
2416 1009 2601 1075 testi-

248 1098 492 1163 moniis
558 1097 918 1163 sententiae
984 1098 1189 1162 dictae
1253 1098 1419 1162 nihil
1485 1103 1587 1163 est
1651 1100 1821 1184 quod
1887 1122 1987 1164 me
2041 1120 2173 1164 non
2230 1101 2600 1164 assecutum

244 1189 498 1271 putem,
542 1187 733 1272 idque
771 1186 932 1252 mihi
968 1207 1110 1250 cum
1157 1186 1653 1271 amplissimum,
1697 1191 1837 1252 tum
1886 1187 2326 1273 gratissimum
2373 1191 2487 1265 est,
2532 1190 2600 1252 te

246 1275 536 1339 libenter
582 1275 903 1340 amicitiae
950 1273 1229 1360 dedisse,
1274 1276 1447 1359 quod
1492 1276 1741 1361 liquido
1788 1278 2045 1342 veritati
2093 1276 2297 1341 dareS.

2386 1274 2495 1359 Et,
2541 1276 2601 1339 si

244 1385 385 1428 non
432 1364 623 1429 modo
671 1385 922 1447 omneS,
975 1385 1198 1428 verum
1246 1364 1441 1429 etiam
1489 1366 1680 1429 multi
1727 1364 2007 1431 Catones
2055 1372 2274 1429 essent
2330 1364 2401 1428 in
2446 1364 2600 1430 civi-

240 1455 392 1516 tate
450 1457 703 1535 nostra,
758 1452 824 1516 in
886 1474 1014 1537 qua
1070 1475 1268 1516 unum
1323 1453 1652 1518 exstitisse
1707 1454 2004 1519 mirabile
2058 1458 2184 1537 est,
2239 1475 2429 1538 quem
2476 1474 2598 1538 ego

245 1562 512 1604 currum
555 1546 668 1605 aut
703 1562 896 1625 quam
934 1542 1224 1605 lauream
1262 1563 1407 1605 cum
1445 1546 1561 1606 tua
1595 1543 1964 1608 laudatione
2001 1542 2403 1609 conferrem?
2445 1564 2600 1607 nam

239 1629 335 1693 ad
401 1651 614 1694 meum
678 1651 937 1695 sensum
996 1635 1062 1693 et
1125 1630 1205 1694 ad
1270 1630 1431 1695 illud
1485 1631 1806 1696 sincerum
1868 1653 1942 1696 ac
1997 1631 2234 1696 subtile
2287 1630 2597 1696 iudicium

243 1717 419 1782 nihil
464 1721 682 1802 potest
726 1740 867 1782 esse
913 1718 1305 1783 laudabilius
1353 1740 1546 1802 quam
1595 1742 1671 1783 ea
1714 1724 1828 1786 tua
1875 1721 2112 1799 oratio,
2158 1740 2323 1804 quae
2370 1723 2470 1784 est
2515 1719 2597 1785 ad

237 1828 352 1870 me
416 1808 775 1891 perscripta
840 1830 879 1871 a
931 1808 1091 1872 meis
1145 1808 1544 1872 necessariis,
1643 1806 1768 1873 Sed
1822 1831 2085 1874 causam
2139 1829 2319 1873 meae
2374 1808 2664 1875 volun-2

239 1896 406 1959 tatis
439 1932 517 1941 —
549 1917 682 1960 non
710 1896 882 1960 enim
921 1896 1131 1960 dicam
1170 1896 1546 1980 cupiditatis
1583 1933 1656 1943 —
1690 1899 1955 1982 exposui
1991 1897 2115 1962 tibi
2154 1897 2594 1981 superioribus

241 1983 515 2068 litteris,
571 2006 732 2068 quae
790 1985 1045 2049 etiamsi
1099 2007 1332 2070 parum
1386 1986 1732 2050 iusta‘tibi
1787 1987 1927 2051 visa
1982 1990 2108 2071 est,
2160 1985 2329 2050 hanc
2373 1991 2597 2050 tamen

242 2073 449 2137 habet
519 2074 867 2156 rationem,
941 2094 1075 2139 non
1147 2079 1221 2138 ut
1292 2075 1489 2138 nimis
1554 2075 2101 2159 concupiscendus
2172 2074 2411 2158 honos,
2484 2074 2596 2139 sed

239 2167 491 2246 tamen,
529 2161 583 2225 si
622 2161 944 2226 deferatur
981 2184 1020 2226 a
1058 2166 1304 2246 senatu,
1342 2163 1608 2228 minime
1639 2165 2077 2247 aspernandus
2107 2186 2245 2228 esse
2272 2163 2596 2247 videatur;

239 2272 440 2333 spero
481 2254 697 2315 autem
734 2251 918 2315 illum
959 2251 1249 2315 ordinem
1285 2274 1403 2336 pro
1443 2253 1608 2316 meis
1644 2254 1726 2317 ob
1755 2274 1893 2316 rem
1920 2252 2251 2338 publicam
2279 2252 2595 2336 susceptis

246 2340 584 2404 laboribus
631 2360 732 2404 me
780 2361 914 2404 non
959 2340 1298 2423 indignum
1335 2340 1598 2424 honore,
1642 2341 1884 2407 usitato
1923 2341 2325 2426 praesertim,
2373 2341 2593 2404 existi-

243 2431 593 2493 maturum.
657 2427 842 2505 Quod
874 2429 930 2493 si
966 2427 1061 2493 ita
1098 2429 1240 2513 erit,
1275 2433 1532 2493 tantum
1572 2452 1651 2495 ex
1685 2434 1750 2495 te
1788 2433 1957 2515 peto,
1995 2429 2166 2515 quod
2204 2428 2594 2494 amicissime

245 2517 502 2599 scribi8‚
549 2521 638 2600 ut,
686 2539 830 2582 cum
874 2521 990 2582 tuo
1033 2518 1287 2600 iudici0‚
1335 2519 1508 2602 quod
1547 2518 2020 2604 amplissimum
2059 2539 2199 2583 esse
2238 2516 2594 2600 arbitraris,

238 2606 405 2670 mihi
462 2606 793 2691 tribueris,
850 2607 903 2671 si
962 2606 1056 2691 id,
1112 2607 1282 2692 quod
1338 2606 1655 2691 maluero,
1711 2606 2041 2691 acciderit,
2096 2605 2395 2691 gaudeas.
2489 2603 2595 2670 Sic

314 2761 497 2817 Ems‘r.
537 2762 706 2818 XXX.
746 2763 890 2831 (704.
925 2765 1036 2828 50.)
1075 2763 1187 2815 Der
1212 2761 1370 2816 Brief

237 2832 470 2888 euthalt
514 2834 605 2887 die
643 2834 903 2889 Antwort
949 2832 1051 2888 auf
1093 2833 1200 2888 den
1242 2850 1363 2888 vor-

236 2903 655 2973 hergehenden.
731 2905 924 2960 Cicero
971 2904 1223 2973 verbirgt
1259 2905 1365 2960 mit

237 2974 463 3044 grosser
508 2975 691 3029 Kunst
735 2975 825 3031 die
870 2974 1366 3031 Unzufriedenheit

237 3046 384 3100 fiber
420 3046 587 3102 Catos
616 3046 1016 3117 Abstimmung
1051 3047 1165 3102 und
1201 3046 1367 3102 sucht

239 3116 447 3171 dessen
537 3119 925 3187 Zustimmung
1023 3136 1092 3173 zu
1182 3118 1365 3173 einem

237 3188 553 3257 Triumphe
591 3207 659 3244 zu
695 3189 1006 3260 gewinnen.

321 3265 368 3314 1.
407 3260 615 3315 Laetus
645 3301 658 3315 .
690 3301 703 3313 .
740 3260 883 3331 viro]
921 3263 1145 3315 tetram.
1183 3260 1361 3315 troch.

236 3331 439 3396 catal.;
488 3332 586 3385 der
629 3330 772 3386 Vers
825 3331 965 3386 wird
1014 3331 1160 3385 auch
1202 3330 1363 3386 Tusc.

237 3403 335 3456 IV.
379 3407 465 3456 31.
506 3408 572 3456 67
610 3402 929 3472 angefflhrt.
983 3401 1138 3456 Fam.
1171 3402 1234 3456 V.
1279 3407 1360 3456 12.

243 3479 277 3528 ’1
289 3495 302 3526 e
335 3472 521 3542 placet
548 3475 691 3528 enim
708 3473 914 3529 Hector
940 3473 1034 3527 ille
1063 3474 1199 3526 mihi
1215 3474 1364 3529 Nae-

238 3545 470 3611 vianus,
498 3546 595 3613 qui
620 3561 733 3600 non
760 3550 978 3599 tantum
1007 3544 1277 3599 ‘laudari’
1308 3561 1365 3599 σε

237 3615 504 3681 zaetatwr,
539 3616 631 3670 sed
659 3616 817 3671 addit
842 3617 1005 3671 etiam
1050 3615 1109 3669 ‘a
1136 3616 1364 3671 laudato

241 3685 408 3740 viro'.
450 3716 516 3727 --
553 3688 749 3755 opinor
811 3704 853 3741 s.
891 3704 935 3741 z.
975 3685 1041 3740 ΙΙ.
1080 3692 1167 3741 26.
1206 3692 1255 3740 3.
1295 3717 1363 3726 -

237 3757 546 3828 Naevium]
602 3757 702 3812 der
802 3757 983 3812 ichter
1036 3757 1207 3810 nahm
1270 3773 1362 3811 am

242 3830 435 3883 ersten
471 3828 784 3897 punischen
817 3827 1023 3909 Kriege
1058 3829 1178 3883 teil.
1251 3829 1363 3883 Der

237 3900 466 3953 citierte
484 3898 617 3953 Vers
633 3898 797 3953 stand
813 3897 875 3953 in
893 3914 1076 3954 semer
1084 3897 1361 3968 Tragodie

241 3971 454 4025 Hector
486 3971 861 4037 proficiscens.
900 4001 967 4010 -
1006 3976 1056 4025 te
1092 4011 1102 4023 .
1135 4013 1147 4025 .
1177 3970 1358 4041 dares]

236 4043 522 4097 amicitiae
575 4043 709 4096 dare
752 4046 927 4097 etwas
974 4056 1073 4095 aus
1118 4040 1359 4095 Freund·

240 4113 428 4168 schaft
463 4110 632 4180 thun,
671 4113 769 4166 der
806 4111 1211 4168 Freundschaft
1247 4112 1361 4166 ein·

238 4190 473 4239 raumen
513 4183 651 4252 (vgl.
689 4181 781 4239 die
818 4186 1006 4239 ersten
1035 4183 1227 4237 Worte
1261 4185 1359 4237 des

238 4273 354 4311 vor.
422 4254 567 4324 Br.),
644 4256 865 4309 veritati
935 4256 988 4310 d.
1054 4279 1122 4300 ε
1185 4254 1359 4308 etwas

237 4326 508 4396 angeheri,
547 4324 675 4379 weil
712 4342 771 4380 es
808 4326 964 4380 wahr
993 4325 1071 4380 ist
1107 4325 1254 4392 (dass
1283 4324 1360 4381 du

234 4413 375 4467 gem
441 4398 545 4452 der
615 4394 1022 4452 Freundschaft
1091 4397 1359 4465 gewahrt,

1470 2780 1589 2817 was
1645 2763 1719 2818 du
1765 2764 1865 2817 der
1913 2762 2214 2818 Wahrheit
2265 2762 2594 2817 unbedenk-

1470 2833 1585 2888 lich
1607 2834 1906 2904 gewahren
1928 2834 2235 2903 konntest).
2274 2834 2378 2888 Die
2400 2833 2594 2889 Worte

1472 2906 1700 2961 konnen
1736 2905 1846 2961 den
1874 2904 2052 2961 Tadel
2081 2906 2238 2960 nicht
2267 2906 2593 2974 verborgen,

1474 2976 1597 3030 dass
1646 2975 1784 3031 Cato
1838 2994 1938 3031 aus
1987 2976 2391 3031 Freundschaft
2432 2976 2595 3032 hatte

1470 3048 1631 3103 mehr
1658 3050 1802 3103 thun
1828 3048 2069 3104 konnen.
2100 3080 2165 3090 -
2195 3065 2310 3103 non
2336 3049 2494 3103 modo
2524 3079 2593 3089 —

1471 3136 1656 3173 verum
1691 3120 1879 3191 etiam]
1917 3119 2246 3190 absteigend
2272 3136 2403 3175 vom
2422 3119 2593 3175 -Star-

1469 3190 1611 3245 kern
1655 3209 1783 3245 zum
1821 3189 2191 3246 Schwachern
2332 3192 2425 3245 ich
2471 3190 2592 3245 will

1468 3260 1631 3316 nicht
1658 3278 1831 3332 sagon
1849 3293 1911 3302 -
1938 3262 2180 3317 sondern
2208 3262 2351 3317 auch
2380 3278 2485 3314 nur
2505 3292 2592 3329 -,

1469 3332 1650 3386 wofur
1707 3331 1985 3401 gewohnl.
2041 3349 2153 3388 non
2198 3334 2355 3386 modo
2392 3361 2462 3372 —
2498 3334 2593 3387 sed

1470 3403 1578 3458 wie
1622 3420 1724 3473 pro
1774 3403 1893 3459 Mil.
1940 3409 1990 3457 2.
2037 3409 2088 3458 5.
2136 3432 2206 3443 —-
2251 3418 2475 3459 cwrrum
2520 3433 2592 3443 —

1470 3474 1744 3546 lauream]
1783 3475 1874 3529 die
1900 3473 2320 3530 Lorbeerkrone
2347 3473 2462 3527 und
2490 3473 2592 3529 der

1470 3545 1944 3615 Triumphwagen
1981 3546 2179 3600 stehen
2215 3545 2299 3599 als
2327 3543 2589 3599 Bezeich-

1469 3634 1626 3685 nung
1670 3616 1769 3671 des
1814 3615 2147 3685 Triumphes
2194 3614 2384 3671 selbst.
2468 3616 2591 3670 Den

1471 3688 1785 3758 Gegensatz
1821 3707 1889 3742 zu
1925 3687 2053 3741 dem
2090 3687 2342 3741 falschen
2371 3686 2587 3741 Urteilo

1470 3757 1569 3812 der
1624 3758 1851 3828 Menge‚
1917 3757 2132 3814 welche
2188 3756 2278 3811 die
2333 3756 2588 3812 ausseren

1469 3830 1945 3899 Ehrenbezeugun
1988 3844 2058 3883 en
2107 3827 2198 3882 fiir
2252 3827 2343 3882 die
2399 3827 2588 3882 wahre

1469 3899 1615 3954 Ehre
1664 3901 1812 3967 halt,
1862 3901 1939 3955 bil
1981 3902 2040 3955 et
2085 3900 2232 3955 dann
2280 3899 2380 3953 das
2415 3900 2589 3954 since-

1467 3988 1593 4025 rum
1646 3972 1916 4026 iudicium
1969 3972 2174 4038 illud,
2231 3971 2282 4025 d.
2339 3969 2376 4026 i.
2427 3970 2590 4041 jones

1468 4058 1581 4096 von
1619 4041 1718 4095 der
1748 4042 1928 4112 jetzt
1955 4041 2257 4111 allgemein
2285 4041 2587 4097 verbreite-

1467 4114 1563 4167 ten
1584 4114 1668 4166 An
1675 4114 1960 4183 sehauung
1974 4113 2372 4168 verschiedene
2387 4113 2587 4170 Urteil.

1540 4188 1588 4236 2.
1609 4184 1899 4255 rationem]
1921 4184 2336 4255 ‘verntinftigen
2351 4183 2588 4242 Grund’.

1464 4285 1539 4294 —
1573 4254 1766 4325 honos]
1806 4256 1906 4309 der
1933 4253 2223 4324 Triumph.
2257 4286 2322 4295 —
2351 4258 2496 4325 quod
2527 4297 2539 4309 .
2571 4299 2585 4311 .

1463 4326 1686 4408 scribis]
1749 4324 2141 4395 hinzugeffigt‚
2205 4324 2334 4381 weil
2391 4326 2586 4383 Cicero

1466 4396 1587 4451 sich
1623 4397 1749 4451 hier
1787 4396 1955 4453 Catos
1995 4397 2223 4466 eigener
2249 4395 2448 4453 Worte
2485 4413 2588 4451 aus
