3000 4917
1207 264 1589 321 TERENTIA.
1607 311 1626 330 ,
2489 267 2576 332 25

226 429 365 502 ista
419 428 689 511 virtute,
754 427 904 511 fide,
965 428 1321 512 probitate,
1377 429 1784 493 humanitate
1838 430 1906 493 in
1960 433 2179 494 tantas
2237 451 2576 495 aerumnas

220 519 499 602 propter
561 538 663 580 me
726 515 1052 581 incidisse!
1143 515 1618 602 Tulliolamque
1680 520 1998 600 nostram,
2063 540 2141 583 ex
2206 540 2331 603 quo
2387 523 2573 602 patre

222 609 449 670 tantas
522 606 888 689 voluptates
962 604 1289 689 capiebat,
1363 627 1441 671 ex
1513 627 1589 670 eo
1656 608 1878 670 tantos
1942 608 2271 691 percipere
2336 608 2573 673 luctus!

225 693 405 758 Nam
463 694 618 777 quid
675 714 795 779 ego
853 694 930 757 de
979 691 1288 759 Cicerone
1344 694 1599 759 dicam?
1665 696 1774 777 qui
1831 717 1975 760 eum
2029 696 2303 779 primum
2352 718 2576 780 sapere

229 783 469 866 coepit,
516 782 967 847 acerbissimos
1015 782 1267 847 dolores
1315 783 1734 868 miseriasque
1779 785 2086 868 percepit.
2169 783 2346 860 Quae
2385 786 2458 868 si,
2503 790 2578 849 tu

223 876 304 936 ut
372 871 630 955 scribis,
703 871 838 935 fato
901 872 1077 936 facta
1139 874 1467 955 putarem,
1539 872 1774 937 ferrem
1837 873 2031 956 paulo
2104 872 2390 957 facilius3
2468 873 2578 937 sed

231 961 452 1026 omnia
507 964 659 1025 sunt
715 982 861 1024 mea
916 962 1105 1044 culpa
1152 960 1522 1045 commissa,
1580 960 1691 1046 qui
1738 961 1820 1025 ab
1865 960 1945 1026 iis
1994 983 2095 1025 me
2144 963 2349 1026 amari
2394 966 2579 1046 puta-

229 1051 405 1132 bam,
452 1049 563 1133 qui
607 1049 1002 1133 invidebant,
1047 1070 1157 1113 eos
1204 1070 1336 1113 non
1382 1049 1713 1135 sequebar,
1760 1050 1869 1134 qui
1913 1050 2240 1133 petebant.
2331 1050 2577 1127 Quodsi
2614 1054 2657 1117 2

228 1138 477 1203 nostris
523 1137 810 1203 consiliis
856 1137 958 1202 usi
1006 1159 1291 1202 essemus
1338 1159 1546 1223 neque
1592 1139 1762 1221 apud
1805 1161 1925 1204 nos
1969 1142 2219 1204 tantum
2265 1139 2580 1204 valuisset

233 1248 449 1291 sermo
515 1230 629 1291 aut
694 1227 1045 1292 stultorum
1109 1227 1462 1292 amicorum
1518 1232 1630 1292 aut
1683 1228 2152 1313 improborum,
2216 1226 2582 1293 beatissimi¹

232 1316 625 1381 viveremus:
690 1337 892 1399 nunc,
957 1315 1263 1400 quoniam
1329 1337 1589 1401 sperare
1651 1338 1771 1381 nos
1837 1316 2027 1381 amici
2090 1316 2343 1396 iubent,
2408 1316 2576 1381 dabo

231 1426 530 1488 operam,
593 1425 676 1468 ne
732 1426 878 1475 mea
930 1404 1232 1469 valetudo
1285 1407 1400 1468 tuo
1454 1405 1665 1469 labori
1720 1405 1903 1470 desit.
1995 1406 2121 1471 Res
2177 1409 2420 1491 quanta
2474 1405 2580 1488 sit,

124 1505 127 1506 ’
230 1494 565 1579 intellegO,
613 1496 985 1578 quantoque
1030 1492 1229 1556 fuerit
1272 1493 1530 1557 facilius
1577 1515 1836 1558 manere
1884 1494 2057 1559 domi
2105 1516 2297 1580 quam
2341 1495 2582 1578 redire'3

230 1582 345 1647 sed
400 1584 647 1665 tamen,
703 1581 760 1645 si
807 1603 1029 1646 omnes
1075 1582 1372 1646 tribunos
1419 1582 1502 1666 pl.
1548 1582 1889 1666 habemus,
1946 1584 2004 1647 si
2048 1582 2397 1648 Lentulum
2442 1587 2579 1647 tam

230 1671 625 1749 studiosum,
680 1692 874 1754 quam
930 1670 1210 1753 videtur,
1266 1672 1321 1734 si
1366 1692 1521 1735 vero
1570 1675 1763 1736 etiam
1809 1671 2188 1755 Pompeium
2238 1676 2302 1735 et
2349 1669 2579 1736 Caesa-

229 1781 400 1842 rem,
445 1780 579 1823 non
627 1764 730 1823 est
775 1759 1264 1843 desperandum.

412 1846 523 1922 De,
564 1848 845 1925 familia,
910 1848 1231 1932 quomodo
1288 1848 1609 1931 placuisse
1667 1849 1893 1913 scribis
1951 1849 2199 1931 amiciS,
2253 1849 2580 1914 faciemus.
2618 1853 2660 1917 3

228 1936 332 2000 De
380 1937 544 2016 loco,
589 1958 761 2001 nunc
807 1937 1065 2021 quidem
1114 1936 1246 2001 iam
1285 1937 1448 2001 abiit
1482 1938 1875 2020 pestilentia,
1922 1937 2053 2022 sed,
2098 1938 2404 2022 quamdiu
2440 1938 2583 2021 fuit,

233 2046 340 2089 me
377 2046 510 2089 non
556 2025 800 2108 attigit.
891 2025 1212 2109 Plancius,
1257 2026 1454 2091 homo
1493 2026 2028 2111 officiosissimuS,
2074 2049 2176 2091 me
2221 2028 2400 2113 cupit
2445 2048 2584 2092 esse

240 2134 462 2177 secum
507 2119 572 2179 et
619 2113 827 2178 adhuc
873 2113 1128 2179 retinet.
1200 2114 1346 2199 Ego
1383 2115 1685 2180 volebam
1719 2117 1861 2181 loco
1901 2115 2114 2202 magis
2152 2116 2404 2181 deserto
2444 2137 2585 2181 esse

317 2311 363 2361 1.
402 2308 499 2375 qui
533 2308 602 2361 ab
634 2307 710 2361 iis
736 2306 858 2375 eta]
895 2304 960 2358 In
997 2305 1106 2360 den
1131 2306 1359 2361 Briefen
1463 2306 1653 2361 indem
1708 2307 1866 2362 nicht
1923 2309 2137 2363 sowohl
2183 2310 2274 2363 die
2319 2307 2426 2361 Art
2470 2308 2585 2363 und

236 2393 339 2431 aus
377 2377 560 2433 dieser
589 2377 714 2432 Zeit
747 2377 918 2430 kehrt
945 2376 1029 2431 oft
1056 2377 1146 2432 die
1173 2378 1356 2448 Klage
1466 2378 1655 2433 Weise
1704 2379 1803 2433 der
1847 2379 2157 2448 Handlung
2203 2378 2287 2432 als
2335 2380 2433 2433 der
2479 2380 2585 2432 Zu-

235 2448 461 2518 wieder,
492 2448 616 2503 dass
634 2449 771 2503 bose
792 2447 1044 2502 Freunde
1061 2449 1161 2502 ihn
1180 2448 1358 2503 durch
1465 2448 1632 2503 stand
1689 2449 2014 2503 bezeichnet
2067 2450 2292 2503 werden
2337 2449 2468 2518 soll,
2522 2447 2584 2502 in

235 2520 346 2574 den
390 2521 525 2587 Eat,
583 2520 676 2574 die
724 2518 889 2573 Stadt
937 2536 1002 2572 zu
1056 2520 1357 2588 verlassen‚
1465 2521 1593 2574 dem
1624 2520 1724 2573 das
1749 2520 1987 2589 Subjekt
2015 2519 2135 2573 sich
2165 2521 2257 2574 bei
2277 2521 2374 2573 der
2395 2518 2583 2573 Hand-

235 2608 305 2645 zu
335 2589 564 2645 Grande
591 2590 872 2660 gerichtet
896 2588 1115 2645 hatten.
1155 2591 1214 2645 C.
1244 2608 1360 2645 war
1465 2591 1607 2660 lang
1650 2590 1913 2648 befindet.
1953 2621 2020 2630 —
2057 2608 2127 2644 ne
2161 2608 2279 2645 mea
2313 2592 2421 2645 val.
2463 2631 2476 2644 .
2518 2633 2530 2644 .
2570 2628 2583 2642 .

235 2662 418 2716 durch
466 2660 586 2716 sein
623 2661 885 2731 Ungh‘ick
921 2662 1230 2730 ungerecht
1266 2679 1360 2731 ge·
1466 2661 1628 2732 desit]
1661 2659 1781 2715 dass
1807 2662 1957 2716 mein
1974 2661 2589 2717 Gesundheitszustand

235 2734 487 2786 worden.
570 2730 621 2787 S.
668 2732 734 2785 II.
787 2739 835 2787 ’1.
882 2738 932 2786 2.
988 2751 1040 2785 u.
1095 2732 1164 2786 Π.
1212 2737 1260 2787 5.
1310 2738 1359 2787 2.
1472 2731 1561 2786 dir
1596 2731 1754 2786 nicht
1779 2732 1870 2786 die
1899 2733 2142 2788 Frfiohte
2171 2731 2364 2788 deiner
2389 2731 2588 2786 Arbeit

122 2868 129 2875 ‚
238 2802 333 2856 Ad
369 2800 488 2856 Att.
523 2803 618 2859 III.
648 2809 695 2858 7.
726 2808 786 2857 2:
822 2805 1090 2869 miseriae,
1126 2805 1191 2857 in
1225 2820 1363 2874 quas
1470 2803 1562 2857 fiir
1588 2803 1737 2857 mich
1765 2803 1949 2859 raubt.
1986 2804 2124 2858 Dass
2144 2804 2205 2859 T.
2227 2803 2586 2873 Besorgnisse

238 2873 424 2927 ine-idi
484 2889 589 2941 per
648 2890 912 2929 summam
975 2875 1246 2929 inim-iam
1309 2879 1360 2929 et
1471 2876 2131 2944 ausgesproohenwcgen
2150 2875 2304 2929 einer
2321 2875 2584 2930 inThess.

239 2945 417 2999 scelus
453 2960 568 2999 non
601 2950 713 3000 tam
750 2946 1099 3000 inimieorum
1125 2962 1364 3001 meorum
1470 2947 1883 3001 hen-schenden
1918 2946 2249 3015 Krankheit,
2288 2946 2439 3017 zeigt
2466 2952 2497 3012 ἓ
2525 2951 2582 3000 3:

236 3017 339 3071 sed
365 3017 693 3071 invidorum.
724 3048 793 3056 —
823 3018 918 3087 qui
937 3017 1218 3088 petebant]
1250 3018 1360 3071 die
1469 3016 1560 3073 De
1597 3019 1711 3073 loco
1747 3024 1840 3073 ete.
1875 3050 1939 3058 —
1978 3035 2063 3073 res
2097 3025 2309 3088 quanta
2343 3020 2440 3090 sit]
2479 3018 2586 3071 wie

200 3088 420 3141 -mich
473 3090 778 3143 suchten.
852 3086 930 3141 Er
964 3087 1128 3144 hatte
1166 3088 1363 3144 Casars
1472 3087 1768 3160 schwierig
1840 3088 1942 3143 das
2005 3090 2423 3146 Unternehmen
2494 3089 2586 3156 ist,

237 3158 421 3227 Legat
472 3159 694 3214 werden
750 3158 992 3213 konnen.
1084 3159 1160 3228 (S.
1213 3160 1357 3215 Einl.
1468 3160 1651 3214 meine
1671 3159 2113 3230 Rfickberufung
2132 3162 2586 3215 durchzusetzen.

238 3249 282 3284 z.
321 3230 370 3285 J.
413 3236 481 3284 59
517 3247 572 3287 u.
601 3231 655 3285 d.
683 3231 823 3299 folg.
854 3230 941 3284 Br.
972 3236 1001 3296 ξ
1033 3232 1103 3300 1.)
1142 3231 1216 3284 ad
1242 3231 1359 3286 Att.
1470 3264 1534 3271 --
1574 3232 1854 3302 habemus]
1896 3232 1948 3285 d.
1978 3235 2013 3285 i.
2045 3231 2149 3286 auf
2178 3248 2406 3287 unserer
2435 3229 2586 3286 Seite

235 3300 308 3354 H.
362 3306 446 3356 18.
496 3308 555 3355 3:
625 3301 682 3355 A
739 3302 971 3357 Caesare
1024 3303 1181 3357 valde
1234 3302 1361 3356 libe·
1412 3365 1418 3369 ⁴
1468 3303 1670 3357 haben.
1736 3333 1806 3343 —-
1869 3303 2195 3373 studiosum]
2272 3320 2346 3357 sc.
2410 3301 2589 3356 nostri

236 3372 432 3426 raliter
467 3372 675 3428 invitor
709 3373 774 3427 in
819 3373 1138 3442 leyationem
1187 3373 1363 3439 illam,
1467 3375 1738 3428 habemus.
1827 3371 2415 3429 Pradikatsaocusativ
2480 3372 2586 3425 wie

237 3444 349 3498 sibi
375 3448 439 3496 ut
465 3443 570 3497 sim
597 3444 822 3511 legatus.
871 3442 941 3497 H.
966 3449 1047 3497 19.
1069 3448 1127 3497 ὅτ
1159 3443 1363 3498 Caesar
1468 3445 1622 3498 Fam.
1634 3444 1728 3498 XI.
1747 3448 1831 3498 24.
1854 3450 1912 3498 2:
1942 3444 2131 3499 Habes
2150 3445 2586 3499 amantissimum

238 3530 322 3568 me
347 3515 457 3568 sibi
482 3515 600 3568 vult
627 3530 735 3569 esse
762 3516 1010 3584 legatum.
1066 3515 1363 3570 Honestior
1469 3514 1733 3570 Servium.
1761 3514 1836 3570 ib.
1867 3515 1909 3569 I.
1940 3521 1991 3569 4.
2016 3522 2072 3570 1:
2101 3515 2190 3570 Eo
2218 3516 2307 3570 die
2333 3515 2587 3569 acerbum

238 3586 537 3640 declinatio
562 3586 693 3640 haec
721 3587 961 3655 periculi
969 3608 991 3654 ;
1025 3587 1118 3640 sed
1144 3603 1238 3656 eqo
1265 3587 1363 3640 hoe
1467 3586 1762 3641 habuimus
1812 3586 2118 3643 Curionem.
2157 3618 2226 3628 —
2263 3582 2587 3654 Lentulum]

236 3672 392 3710 nmio
461 3658 712 3724 repudia.
825 3657 972 3726 Quid
1043 3673 1168 3727 erqo
1241 3656 1359 3711 est?
1468 3656 1531 3711 P.
1597 3656 1886 3712 Cornelius
1958 3659 2228 3712 Lentulus
2301 3656 2584 3726 Spinther,

243 3726 514 3797 Puynare
567 3729 728 3782 malo.
812 3727 913 3781 Als
967 3728 1149 3796 Legat
1199 3727 1361 3782 hatte
1468 3726 1602 3782 Kos.
1650 3729 1704 3783 d.
1752 3730 1802 3785 J.
1850 3735 1935 3784 57.
1993 3729 2120 3799 Vgl.
2168 3749 2216 3784 z.
2262 3727 2331 3781 11.
2372 3734 2420 3782 9.
2460 3732 2492 3780 2
2530 3744 2583 3780 u.

242 3815 306 3853 er
352 3813 465 3852 von
504 3797 730 3854 Clodius
775 3798 936 3853 nicht
979 3798 1041 3851 in
1079 3797 1361 3867 Anklage·
1469 3798 1614 3854 Einl.
1652 3818 1699 3853 z.
1737 3800 1785 3854 J.
1826 3804 1910 3854 57.
2592 3859 2600 3868 ‚

239 3870 478 3924 zustand
533 3871 782 3923 versetzt
834 3870 1058 3923 werden
1110 3869 1361 3937 konnen3
1542 3876 1590 3924 3.
1641 3870 1729 3924 De
1776 3872 1911 3939 loeo]
1959 3889 2025 3924 zu
2073 3872 2137 3925 de
2182 3888 2223 3924 s.
2261 3869 2301 3922 I.
2344 3876 2390 3922 1.
2428 3873 2479 3922 4.
2518 3898 2586 3908 —-

241 3940 344 3994 das
375 3942 511 3995 Amt
548 3940 683 3995 aber
719 3941 878 3995 hatte
914 3940 1015 3995 ihn
1050 3940 1209 3994 nicht
1242 3957 1365 3994 ver·
1473 3939 1772 4011 Plancius]
1810 3938 1905 3998 Cn.
1933 3940 2195 3996 Plancius
2232 3958 2348 3995 war
2384 3940 2419 3994 i.
2447 3941 2498 3995 J.
2518 3943 2588 3994 58

238 4008 496 4079 hindert‚
549 4011 686 4065 bald
730 4029 830 4067 aus
879 4011 1128 4078 Gramen,
1175 4012 1364 4065 wohin
1473 4011 1713 4077 Quastor
1770 4013 1867 4067 des
1912 4014 2243 4081 Proprators
2287 4011 2347 4068 L.
2398 4011 2587 4083 Appu-

244 4081 420 4137 Casar
465 4081 628 4153 ging,
676 4083 882 4138 wieder
919 4100 990 4136 zu
1027 4083 1366 4137 dauerndem
1472 4082 1616 4151 lejus
1643 4083 1704 4136 in
1723 4082 2107 4137 Macedonian.
2154 4081 2273 4137 Auf
2294 4083 2385 4139 die
2404 4084 2589 4138 Nach-

239 4153 612 4209 Aufenthalte
664 4155 811 4209 nach
866 4154 1011 4208 Rom
1067 4154 1366 4207 zurfickzu-
1471 4151 1623 4207 richt
1675 4169 1789 4208 von
1853 4153 1965 4209 Cic.
2016 4154 2274 4209 Ankunft
2334 4155 2393 4210 in
2448 4154 2587 4225 Dyr-

240 4223 474 4279 kehren.
1471 4223 1769 4279 rhachium
1806 4225 1941 4280 eilte
1974 4241 2034 4279 er
2070 4226 2280 4281 diesem
2308 4229 2589 4297 entgegen

316 4301 367 4350 2.
426 4296 721 4351 beatissimi
801 4295 914 4366 vgl.
970 4295 1038 4350 H.
1087 4301 1145 4361 ὃς
1208 4296 1364 4350 Fam.
1472 4296 1588 4350 und
1629 4295 1815 4351 ffihrte
1850 4296 1951 4351 ihn
1987 4297 2132 4351 nach
2167 4297 2587 4363 Thessalonich,

204 4441 208 4445 Α
240 4364 391 4421 XVI.
439 4372 522 4422 18.
562 4373 624 4421 1:
740 4384 814 4438 ae·
860 4367 1029 4422 bellus
1080 4374 1360 4447 revertare.
1471 4384 1568 4420 um
1613 4367 1713 4422 ihn
1758 4368 1834 4423 im
1884 4370 2120 4438 eigenen
2156 4370 2342 4426 Hause
2390 4389 2457 4424 zu
2492 4368 2586 4448 be·

244 4436 363 4492 Das
383 4436 841 4508 Adjekt.anstatt
859 4438 957 4492 des
975 4438 1364 4508 Adverbiums,
1471 4440 1798 4509 herbergen.
1854 4440 1918 4494 In
1946 4441 2044 4495 der
2060 4440 2214 4496 Rede
2241 4457 2344 4511 pro
2361 4440 2588 4495 Plancio

2199 4689 2275 4749 Lx
2297 4653 2628 4736 ssaefiffig-EV*
2655 4691 2698 4734 a,

2295 4754 2356 4781 oF
2383 4750 2488 4778 τῑῖῐῑ

2093 4795 2680 4866 ΠΝΝΕΒΞΠῩ
2717 4739 2756 4892 ΞΤ
2849 4825 2979 4893 A
