3000 4917
1016 253 1062 318 Q
1117 251 1420 331 TULLIQS
1460 252 1742 309 CICERO.
2464 251 2553 316 55

211 417 365 481 haec
412 416 638 500 opinio
686 418 797 499 sit,
845 438 978 481 non
1023 416 1217 482 modo
1264 416 1372 500 iis,
1418 416 1530 499 qui
1577 414 1824 499 aliquid
1871 414 2259 499 acceperint,
2315 413 2426 479 sed
2473 414 2552 480 iis

209 506 426 588 etiam,
483 506 602 589 qui
649 505 967 583 dederint,
1020 508 1088 569 te
1134 504 1492 586 inimicum,
1549 504 1606 567 si
1651 504 1716 567 id
1774 503 2184 587 cognoveris,
2237 503 2554 568 futurum:

211 614 406 678 neque
459 615 621 659 vero
678 593 1021 678 quisquam
1077 592 1285 674 dabit,
1340 614 1484 658 cum
1543 592 1666 656 erit
1717 591 1840 656 hoc
1894 595 2328 676 perspectum,
2386 591 2553 655 nihil

209 703 320 764 per
363 703 495 766 eoe,
545 683 658 766 qui
706 682 1019 747 simulant
1066 703 1134 746 se
1183 681 1355 765 apud
1399 684 1464 745 te
1513 680 1790 745 multum
1831 700 2041 765 posse,
2088 680 2204 744 abs
2239 684 2306 744 te
2345 681 2553 745 solere

208 770 558 853 impetrari.

378 856 519 924 Nec
576 862 800 923 tamen
853 860 1012 924 haec
1067 857 1275 923 oratio
1324 879 1468 920 mea
1516 860 1615 921 est
1659 855 2002 939 eiusmodi,
2057 859 2131 920 ut
2176 859 2242 920 te
2287 855 2356 919 in
2403 859 2551 921 tuos
2577 859 2662 924 14

209 948 316 1009 aut
361 946 600 1010 durum
647 968 787 1012 esse
833 947 1105 1012 nimium
1164 949 1277 1009 aut
1331 945 1756 1029 suspiciosum
1813 943 2033 1009 velim:
2088 966 2242 1009 nam
2299 944 2355 1008 si
2412 944 2553 1029 quis

207 1037 304 1098 est
366 1055 624 1116 eorum,
690 1036 800 1121 qui
864 1036 988 1100 tibi
1041 1034 1291 1099 biennii
1346 1034 1558 1117 spatio
1613 1053 1944 1117 nunquam
1999 1033 2070 1097 in
2125 1031 2555 1116 suspicionem

212 1122 521 1188 avaritiae
571 1125 824 1189 venerit
866 1160 943 1171 —
984 1126 1059 1188 ut
1105 1143 1227 1208 ego
1265 1119 1566 1187 Caesium
1613 1125 1681 1185 et
1727 1118 2164 1205 Chaerippum
2210 1125 2275 1186 et
2312 1120 2556 1186 Labeo-

209 1231 352 1274 nem
401 1214 470 1275 et
519 1211 715 1278 audio
764 1216 856 1296 et,
911 1212 1062 1296 quia
1117 1212 1420 1296 cognovi,
1475 1209 1773 1274 existimo
1825 1246 1933 1295 —,
1986 1208 2150 1274 nihil
2205 1212 2331 1293 est,
2386 1208 2556 1293 quod

209 1319 335 1363 non
394 1303 464 1364 et
521 1300 608 1365 iis
665 1304 731 1366 et
791 1302 845 1365 si
903 1301 1046 1384 quis
1102 1303 1201 1365 est
1252 1300 1414 1365 alius
1461 1298 1747 1363 eiusdem
1792 1298 1968 1363 modi
2015 1301 2081 1363 et
2125 1297 2446 1364 committi
2492 1302 2558 1363 et

213 1386 384 1451 credi
429 1389 801 1454 rectissime
847 1393 1099 1474 putem3
1146 1387 1257 1453 sed
1305 1388 1360 1452 si
1406 1388 1550 1472 quis
1597 1391 1713 1470 est,
1757 1386 1824 1450 in
1865 1408 1990 1471 quo
2027 1387 2159 1451 iam
2196 1386 2557 1470 offenderis,

209 1474 285 1539 de
340 1498 468 1560 quo
531 1476 782 1561 aliquid
828 1477 1131 1560 senseris,
1184 1476 1335 1542 huic
1378 1475 1542 1539 nihil
1591 1474 1961 1558 credideris,
2009 1475 2252 1540 nullam
2300 1477 2552 1558 partem

211 1564 711 1631 existimationis
756 1569 907 1630 tuae
953 1565 1371 1631 commiseris.
1681 1621 1687 1627 .

382 1651 466 1717 V.
541 1653 622 1718 In
685 1654 1015 1738 provincia
1079 1675 1231 1718 vero
1295 1653 1439 1736 ipsa
1504 1652 1561 1715 si
1626 1674 1816 1735 quem
1879 1673 1948 1716 es
2003 1655 2258 1735 nactus,
2323 1652 2433 1734 qui
2485 1650 2554 1715 in
2579 1654 2662 1719 15

213 1742 388 1804 tuam
450 1741 974 1807 familiaritatem
1036 1743 1294 1825 penitus
1358 1742 1649 1825 intrarit,
1719 1741 1830 1824 qui
1891 1740 2079 1804 nobis
2146 1743 2296 1804 ante
2359 1739 2557 1804 fuerit

213 1827 472 1911 ignotus
481 1881 501 1914 ,
550 1830 706 1895 huic
751 1834 1066 1915 quantum
1112 1829 1498 1896 credendum
1547 1828 1659 1912 sit,
1704 1829 1877 1893 vide:
1923 1850 2055 1893 non
2102 1828 2255 1912 quin
2301 1828 2558 1912 possint

216 1917 401 1981 multi
447 1940 595 1984 esse
643 1919 1072 2003 provinciales
1118 1918 1242 1982 viri
1286 1918 1470 2001 boni3
1529 1918 1638 1981 sed
1692 1916 1818 1982 hoc
1863 1938 2121 2000 sperare
2168 1916 2345 2001 licet,
2398 1915 2558 1980 iudi-

216 2024 354 2069 care
420 2008 865 2091 periculosum
930 2010 1054 2091 est3
1129 2007 1355 2071 multis
1422 2006 1595 2070 enim
1659 2005 2146 2071 simulationum
2210 2005 2557 2070 involucris

215 2093 451 2178 tegitur
516 2098 587 2160 et
652 2096 838 2179 quasi
901 2095 1065 2160 velis
1130 2094 1513 2180 quibusdam
1580 2094 1954 2160 obtenditur
2009 2094 2196 2159 unius
2250 2093 2557 2178 cuiusque

216 2187 470 2267 natura3
527 2185 739 2266 frons,
795 2185 986 2268 oculi,
1042 2183 1257 2248 vultus
1312 2204 1622 2268 persaepe
1669 2181 2095 2268 mentiuntur,
2151 2182 2359 2247 oratio
2403 2202 2556 2247 vero

219 2271 614 2354 saepissime.
706 2272 1140 2348 Quamobrem
1188 2276 1298 2356 qui
1344 2275 1530 2355 potes
1576 2272 1856 2354 reperire
1902 2293 1981 2336 ex
2033 2292 2109 2336 eo
2166 2291 2398 2355 genere
2442 2269 2556 2334 ho-

220 2358 482 2446 minum,
530 2360 644 2445 qui
689 2360 997 2444 pecuniae
1045 2361 1398 2445 cupiditate
1445 2359 1704 2425 adducti
1750 2362 2015 2424 careant
2059 2359 2140 2424 iis
2186 2359 2377 2423 rebus
2425 2378 2557 2424 om·

219 2446 434 2534 nibus,
501 2471 542 2515 a
600 2449 833 2532 quibus
886 2469 1005 2514 nos
1062 2449 1297 2515 divulsi
1363 2470 1505 2513 esse
1568 2469 1698 2512 non
1760 2468 2128 2530 possumne,
2192 2449 2258 2509 te
2323 2447 2560 2528 autem,

222 2534 499 2601 alienum
537 2537 890 2621 hominem,
936 2543 1158 2604 ament
1195 2560 1273 2601 ex
1311 2538 1529 2600 animo
1569 2558 1642 2600 ac
1678 2556 1812 2599 non
1849 2536 1951 2600 sui
1998 2532 2319 2599 commodi
2364 2554 2559 2597 causa

214 2622 573 2692 simulent?
669 2625 834 2690 Mihi
899 2626 1156 2710 quidem
1222 2645 1651 2709 permagnum
1713 2622 1994 2707 videtur;
2056 2621 2439 2705 praesertim
2503 2620 2561 2684 si

220 2709 403 2777 iidem
442 2714 743 2780 homines
780 2715 1106 2798 privatum
1143 2735 1272 2778 non
1309 2713 1445 2777 fere
1485 2733 1892 2796 quemquam,
1927 2714 2259 2794 praetores
2307 2730 2561 2792 semper

217 2819 434 2867 omnes
502 2806 745 2868 amant.
847 2801 988 2879 Quo
1055 2823 1133 2866 ex
1197 2822 1430 2887 genere
1496 2801 1552 2865 si
1617 2821 1808 2884 quem
1864 2800 2034 2864 forte
2097 2799 2197 2864 tui
2261 2798 2560 2883 cognosti

218 2892 648 2956 amantiorem
692 2927 768 2937 —
811 2892 948 2956 fieri
988 2891 1159 2955 enim
1199 2891 1412 2974 potuit
1449 2927 1533 2937 -
1575 2911 1768 2974 quam
1814 2888 2145 2972 temporie,
2189 2887 2363 2952 hunc
2405 2908 2558 2953 vero

218 3136 433 3188 samten
473 3134 1094 3205 Beamtenpersonals.“
1167 3134 1332 3204 Seyff.
1442 3134 1683 3203 winnem
1714 3134 1805 3189 die
1832 3133 2103 3190 letzteren
2130 3133 2319 3190 liehen
2347 3150 2420 3188 an
2449 3130 2554 3188 Ge-

221 3198 272 3254 S.
317 3203 377 3259 L.
416 3204 458 3260 I.
507 3212 538 3273 ξ
587 3211 673 3260 30.
739 3237 806 3246 —-
870 3207 1025 3274 fama
1077 3206 1333 3277 fortuna]
1442 3205 1702 3260 meinden
1768 3205 1882 3258 und
1937 3204 2281 3260 Privatleute
2347 3204 2407 3258 in
2462 3205 2562 3259 der

220 3270 502 3330 dieselben
558 3276 618 3330 in
673 3276 782 3331 den
825 3276 1020 3331 Reden
1073 3277 1336 3346 haufigen
1441 3274 1680 3330 Provinz
1716 3275 1857 3331 Geld
1903 3293 1969 3330 zu
2005 3273 2452 3329 Wucherzinsen.
2492 3304 2560 3313 —

221 3339 659 3416 Verbindungen
696 3352 727 3413 ξ
763 3352 850 3402 25.
1441 3347 1621 3402 simul.
1659 3347 1960 3402 involucris
2032 3345 2134 3400 wir
2168 3344 2275 3399 mit
2309 3342 2562 3412 gleicher

292 3420 375 3471 14.
435 3418 713 3488 Caesium]
770 3418 897 3473 Von
938 3417 1046 3473 den
1082 3417 1206 3473 hier
1242 3433 1335 3487 ge·
1443 3416 1762 3486 Metapher:
1819 3417 1956 3472 Mae
2100 3417 2197 3470 der
2243 3414 2562 3481 Babdalai,-

221 3487 468 3542 nannten
495 3489 774 3544 Personen
809 3489 887 3543 ist
919 3488 1113 3543 weiter
1147 3489 1335 3544 nichts
1444 3487 1557 3571 vgl.
1615 3488 1684 3542 de
1738 3504 1817 3543 or.
1865 3486 1934 3543 ΙΙ.
1987 3491 2073 3541 86.
2125 3491 2254 3540 350:
2319 3485 2563 3541 evolutus

223 3552 486 3628 bekannt.
1444 3558 1829 3628 cnteyumentis
1864 3556 2336 3613 dissimulationis.
2366 3584 2438 3597 —-
2466 3555 2564 3623 qui

287 3624 356 3683 V.
408 3630 557 3685 Uber
591 3630 693 3684 das
739 3629 1031 3684 Verhalte‘n
1067 3631 1160 3685 des
1195 3629 1335 3684 Prii-
1445 3630 1692 3699 careant]
1748 3628 1963 3684 welche
2010 3626 2311 3683 Geschafte
2364 3625 2564 3681 halber

227 3698 333 3751 tore
414 3717 544 3770 cycn
589 3700 923 3769 dieJeniyen,
977 3701 1067 3755 die
1120 3701 1232 3755 ihm
1276 3701 1339 3754 in
1447 3700 1539 3754 die
1598 3700 1761 3755 Stadt
1816 3698 2117 3755 verliefsen
2179 3697 2296 3752 und
2351 3695 2410 3750 in
2465 3696 2566 3749 der
2681 3727 2686 3733 ·

224 3765 315 3820 der
355 3716 603 3828 firovinz
651 3772 794 3826 nahe
838 3776 1035 3835 treten,
1081 3771 1170 3826 die
1204 3776 1338 3827 ro'm.
1446 3769 1682 3824 Provinz
1737 3769 1979 3825 weilten.
2033 3800 2100 3809 —
2157 3774 2233 3832 tc,
2280 3768 2351 3822 al.
2398 3767 2532 3821 hom,

228 3834 470 3911 Beryer,
532 3842 620 3896 die
675 3842 772 3897 der
825 3841 1109 3909 Geschc'z'fte
1162 3857 1341 3912 weyen
1448 3839 1675 3896 obwohl
1710 3840 1789 3895 sie
1827 3841 2002 3896 selbst
2043 3840 2144 3894 das
2180 3837 2514 3892 Vaterlan

227 3907 346 3963 dort
381 3912 560 3981 leben,
604 3913 723 3967 wnd
759 3913 848 3967 die
889 3911 1169 3966 Griechen.
1448 3912 1546 3966 des
1585 3909 1879 3966 Gewinnes
1915 3927 2111 3980 wegen
2158 3907 2457 3964 verlassen.
2494 3937 2565 3947 -

298 3983 379 4035 15.
443 3984 520 4038 In
564 3999 724 4052 prov.
780 3984 928 4054 ipsa]
990 3981 1095 4036 Die
1152 3982 1342 4037 bisher
1447 3981 1581 4051 fere]
1642 3981 1875 4050 marsigt
1926 3982 2027 4035 das
2084 3997 2183 4034 aus
2224 3978 2566 4048 esprochene

231 4055 546 4113 genarmten
606 4055 776 4109 nahm
839 4054 941 4107 der
1002 4052 1340 4108 Statthalter
1447 4051 1654 4119 Urteil‚
1711 4050 1887 4106 daher
1938 4050 2032 4105 bei
2077 4050 2194 4104 Zah
2222 4050 2460 4105 wortern
2497 4075 2565 4096 ==

232 4132 338 4197 Ἶρι)
373 4122 517 4179 Rom
544 4124 664 4179 mit.
697 4154 762 4164 —
781 4124 1175 4195 provinciales]
1215 4124 1340 4179 sind
1446 4123 1740 4193 unqefa’hr,
1773 4121 1867 4176 bei
1904 4120 2150 4177 anderen
2181 4121 2468 4176 Worterne
2506 4137 2566 4179 so

233 4185 321 4242 dle
355 4191 413 4246 in
451 4194 551 4250 der
576 4193 815 4250 Provinz
844 4193 1173 4263 ansassigen
1201 4201 1339 4250 rom.
1447 4194 1718 4262 ziemlich,
1771 4192 2059 4248 vielleicht:
2118 4191 2239 4247 also
2294 4207 2409 4248 non
2453 4193 2567 4259 fere

233 4254 456 4339 Biirger,
483 4265 773 4335 publicani
800 4266 915 4320 und
943 4266 1338 4336 negotiatores.
1445 4282 1538 4335 qu.
1576 4289 1645 4309 =
1681 4279 1742 4318 so
1779 4262 2037 4318 ziemlich
2081 4261 2311 4331 keinen,
2364 4280 2426 4318 so
2463 4265 2568 4333 gut

235 4323 334 4410 Dffe
388 4337 572 4391 ersten
626 4337 861 4391 suchten
925 4336 1102 4390 durch
1155 4335 1340 4391 Mehr-
1448 4335 1555 4389 wie
1591 4333 1811 4390 keinen.
1861 4364 1928 4375 —-
1976 4334 2255 4405 temporis]
2295 4334 2408 4405 vgl.
2446 4335 2563 4389 Att.

236 4405 559 4462 emnahmen
605 4406 696 4462 bei
743 4407 851 4461 den
893 4407 1086 4462 Zollen
1132 4425 1199 4460 zu
1245 4424 1338 4476 ge·
1445 4404 1595 4460 VIII.
1617 4411 1666 4462 3.
1690 4413 1747 4462 6:
1776 4412 1846 4475 et,
1873 4422 1993 4462 cum
2010 4407 2084 4462 sit
2108 4421 2335 4476 necesse,
2362 4405 2565 4461 servire
