3000 4917
974 197 1032 253 P.
1071 196 1395 253 NIGIDIUS
1434 197 1764 253 FIGULUS.

2403 198 2529 262 163

198 385 347 429 esse
405 365 520 427 aut
572 361 919 444 promissio
977 361 1199 426 auxilii
1254 362 1524 426 alicuius
1577 364 1689 425 aut
1735 362 2093 426 consolatio
2141 361 2384 426 doloris
2431 361 2545 426 tui.

199 451 394 529 Quod
453 451 820 536 pollicerer,
883 472 1018 515 non
1082 454 1249 514 erat:
1311 451 1452 534 ipse
1518 451 1687 513 enim
1740 449 1884 533 pari
1936 449 2200 515 fortuna
2255 451 2544 515 abiectus

198 543 482 607 aliorum
556 540 785 623 opibus
860 561 1045 604 casus
1118 543 1297 604 m‘eos
1372 539 1844 617 sustentabam,
1927 539 2305 624 saepiusque
2387 540 2545 604 mihi

196 630 509 696 veniebat
564 629 632 692 in
679 631 962 692 mentem
1021 629 1228 712 queri,
1285 628 1458 711 quod
1504 628 1599 691 ita
1642 629 1954 707 viverem,
2009 650 2204 712 quam
2251 628 2546 714 gaudere,

197 719 378 804 quod
443 718 739 782 viverem.
847 715 1251 801 Quamquam
1317 717 1490 780 enim
1555 717 1736 780 nulla
1800 738 1904 780 me
1969 716 2184 800 ipsum
2242 717 2609 800 privatim2

147 808 453 893 'pepulit
506 805 783 891 insignis
838 806 1075 869 iniuria
1129 827 1248 871 nec
1311 805 1475 869 mihi
1540 805 1879 890 quicquam
1945 805 2064 869 tali
2126 810 2416 889 tempore
2480 806 2547 869 in

192 899 491 962 mentem
546 897 726 959 venit
782 897 1036 978 optare,
1092 893 1263 977 quod
1317 916 1449 959 non
1504 894 1678 959 ultro
1732 893 1893 958 mihi
1941 892 2181 959 Caesar
2226 894 2551 978 detulerit,

187 991 420 1051 tamen
458 983 667 1048 nihilo
708 982 919 1047 minus
958 983 1040 1046 iis
1081 982 1384 1048 conficior
1426 983 1614 1064 curi3‚
1662 987 1736 1047 ut
1773 983 2004 1067 ipsum,
2044 983 2214 1067 quod
2253 1004 2549 1047 maneam

189 1076 271 1139 in
306 1073 464 1157 vita,
498 1093 764 1156 peccare
802 1094 906 1136 me
945 1072 1324 1136 existimem.
1386 1069 1592 1136 Careo
1631 1072 1804 1136 enim
1841 1094 1985 1136 cum
2022 1071 2552 1137 familiarissimis

190 1162 458 1245 multis,
515 1183 674 1245 quos
731 1166 844 1225 aut
899 1182 1072 1225 mors
1132 1159 1367 1244 eripuit
1419 1160 1609 1225 nobis
1658 1163 1771 1225 aut
1819 1160 2123 1225 distraxit
2166 1160 2353 1246 fuga,
2409 1165 2552 1225 tum

191 1252 501 1317 omnibus
558 1248 809 1332 amiciS,
865 1271 1138 1333 quorum
1194 1249 1713 1314 benevolentiam
1767 1249 1958 1315 nobis
2016 1251 2394 1315 conciliarat
2438 1272 2556 1334 per

192 1362 306 1405 me
354 1338 679 1424 quondam
727 1341 791 1403 te
839 1338 1011 1403 socio
1059 1337 1326 1403 defensa
1371 1359 1473 1403 res
1512 1338 1793 1422 publica,
1839 1360 2187 1422 versorque
2225 1340 2294 1403 in
2333 1360 2552 1404 eorum

191 1427 558 1512 naufragiis
616 1430 682 1491 et
735 1428 1057 1492 bonorum
1114 1427 1610 1511 direptionibus;
1665 1449 1783 1492 nec
1841 1428 2031 1492 audio
2090 1429 2326 1512 solum,
2383 1427 2553 1513 quod

193 1520 419 1602 ipsum
469 1520 640 1581 esset
685 1516 1013 1602 miserum,
1059 1516 1170 1580 sed
1218 1517 1415 1580 etiam
1454 1516 1660 1601 video,
1708 1538 1834 1600 quo
1883 1516 2049 1580 nihil
2097 1520 2197 1581 est
2243 1518 2554 1601 acerbius,

196 1629 427 1672 eorum
482 1606 776 1670 fortunas
834 1605 1165 1688 dissipari,
1228 1605 1463 1688 quibus
1530 1626 1650 1669 nos
1716 1606 1871 1670 olim
1935 1605 2338 1670 adiutoribus
2393 1606 2556 1670 illud

197 1694 568 1761 incendium
600 1693 1054 1777 exstinximus3
1094 1697 1177 1778 et,
1215 1694 1285 1758 in
1316 1716 1442 1779 qua
1470 1694 1630 1758 urbe
1659 1694 1851 1759 modo
1883 1695 2115 1778 gratia,
2154 1694 2559 1778 auctoritate,

201 1784 416 1870 gloria
478 1784 844 1866 floruimus,
908 1784 977 1846 in
1038 1804 1115 1846 ea
1179 1805 1349 1847 nunc
1403 1783 1507 1847 his
1565 1783 1826 1867 quidem
1887 1783 2188 1848 omnibus
2248 1804 2556 1848 caremus.

200 1871 593 1937 Obtinemus
649 1872 859 1955 ipsius
920 1868 1219 1936 Caesaris
1277 1894 1597 1937 summam
1661 1893 1817 1957 erga
1880 1894 2001 1937 nos
2065 1872 2556 1956 humanitatem,

202 1962 316 2027 sed
374 1982 449 2025 ea
503 1961 649 2045 plus
704 1982 837 2025 non
892 1963 1112 2043 potest
1169 1983 1362 2045 quam
1418 1962 1517 2026 vis
1564 1964 1630 2025 et
1677 1962 1954 2026 mutatio
2004 1961 2292 2026 omnium
2339 1983 2554 2025 rerum

205 2055 399 2134 atque
444 2053 828 2133 temporum.
919 2047 1147 2133 Itaque
1195 2050 1391 2114 orbus
1436 2049 1519 2114 iis
1566 2050 1758 2115 rebus
1816 2051 2144 2134 omnibus,
2201 2051 2432 2135 quibus
2490 2055 2554 2113 et
2576 2051 2616 2115 3

209 2144 444 2204 natura
491 2159 592 2202 me
641 2142 706 2203 et
747 2139 1051 2203 voluntas
1090 2141 1156 2203 et
1192 2139 1587 2204 consuetudo
1627 2140 2073 2224 assuefecerat,
2121 2162 2267 2205 cum
2305 2139 2555 2221 ceteris,

204 2232 278 2292 ut
334 2226 584 2311 quidem
645 2227 890 2310 videor,
948 2230 1086 2290 tum
1144 2227 1304 2291 mihi
1356 2228 1497 2311 ipse
1566 2228 1891 2312 displiceO.
1963 2227 2193 2298 ,Natus
2257 2229 2427 2293 enim
2475 2228 2555 2292 ad

206 2316 527 2402 agendum
579 2337 834 2400 semper
880 2316 1123 2400 aliquid
1169 2316 1439 2401 dignum
1484 2317 1643 2399 vir0,
1687 2339 1857 2381 nunc
1902 2339 2038 2381 non
2083 2317 2275 2382 modo
2324 2317 2557 2402 agendi

206 2406 529 2471 rationem
566 2406 815 2469 nullam
850 2403 1078 2489 habe0,
1126 2405 1236 2469 sed
1274 2427 1353 2469 ne
1391 2405 1722 2490 cogitandi
1760 2405 2046 2490 quidem3
2093 2410 2173 2489 et,
2216 2406 2327 2489 qui
2365 2407 2558 2469 antea

208 2499 323 2560 aut
369 2494 667 2560 obscuris
713 2493 1086 2558 hominibus
1135 2496 1247 2557 aut
1294 2493 1491 2558 etiam
1540 2493 1838 2558 sontibus
1886 2494 2192 2578 opitulari
2244 2496 2558 2577 poteram,

203 2604 376 2647 nunc
432 2582 502 2646 P.
558 2582 858 2667 Nigidio,
921 2582 1034 2646 uni
1099 2583 1386 2647 omnium
1452 2581 1828 2647 doctissimo
1894 2586 1958 2646 et
2019 2583 2433 2648 sanctissimo
2492 2585 2558 2647 et

204 2740 480 2794 scribendi
514 2739 813 2794 invenirem
822 2759 845 2804 ,·
880 2739 986 2793 tali
1021 2739 1163 2794 enim
1200 2744 1325 2793 tem-

194 2827 334 2879 pore
372 2815 471 2865 aut
498 2811 771 2865 consolari
797 2812 1097 2865 amicorum
1125 2816 1201 2865 est
1229 2817 1328 2865 aut

195 2883 471 2950 polliceri.
559 2880 687 2949 Vgl.
732 2880 871 2935 fiber
917 2880 1006 2934 die
1052 2881 1326 2936 verschie-

205 2952 384 3007 denen
432 2952 755 3021 Gattungen
804 2953 904 3007 der
955 2952 1132 3006 Briefe
1181 2953 1326 3005 auch

204 3024 350 3078 oben
396 3024 465 3077 Π.
506 3029 589 3079 22.
633 3029 679 3078 1.
718 3055 782 3064 -
824 3024 1060 3078 aliorum
1106 3024 1324 3094 opibus]

203 3094 378 3149 durch
429 3093 521 3149 die
559 3092 741 3148 Gunst
785 3095 901 3148 und
938 3093 1137 3149 Macht
1171 3092 1325 3149 eines

198 3165 441 3233 Hirtius,
482 3163 693 3235 Oppius
728 3183 784 3220 u.
824 3181 872 3219 a.

269 3243 318 3292 2.
356 3238 596 3305 insiynis
645 3237 890 3308 iniuria]
929 3235 1035 3290 wie
1073 3235 1318 3291 Verban-

197 3327 350 3378 nung
369 3307 484 3362 und
510 3307 1031 3376 Giitereinziehung.
1053 3337 1119 3347 —
1137 3310 1320 3377 ipsum

197 3379 503 3504 ’3ῑέθὲῗέἔέ
524 3377 1317 3504 ξῗὲἷόῗὶὲῗῖὲὲαέἒέῗὲἒ·

194 3527 380 3575 trums
409 3520 561 3574 eines
589 3519 752 3576 Pron.
783 3521 917 3575 oder
944 3520 1321 3576 Pronominal-

195 3588 474 3661 adjektiv.
528 3590 720 3671 haufig
782 3591 874 3646 bei
928 3591 1318 3647 intransitiven

194 3660 443 3717 Vei-ben.
518 3661 793 3730 Beisplele
845 3662 970 3717 sind
1016 3663 1317 3717 besonders

192 3735 256 3788 in
304 3733 414 3787 den
459 3731 682 3787 Briefen
727 3734 933 3803 haufig.
1006 3733 1122 3789 Att.
1169 3732 1316 3786 XIV.

193 3811 285 3859 21.
307 3810 367 3858 3:
392 3804 696 3859 stomachor
714 3806 915 3859 omnia.
953 3805 1109 3859 Fam.
1131 3805 1184 3856 11
1203 3809 1317 3859 ,1οε

191 3876 372 3945 viyila
406 3875 565 3929 illud.
596 3906 667 3915 —
694 3881 744 3931 te
780 3877 950 3947 socio]
990 3875 1151 3930 Nach
1188 3874 1314 3928 Plu-

194 3947 362 4001 tarch
398 3946 577 4015 folgte
616 3946 810 4002 Cicero
848 3948 931 4002 als
959 3947 1090 4000 KoS.
1119 3945 1316 4000 beson-

194 4019 326 4072 ders
384 4016 510 4070 dem
565 4017 708 4072 Rate
762 4020 861 4074 des
917 4016 1196 4087 Nigidius.
1251 4047 1316 4058 —

191 4088 422 4155 deforma
485 4105 569 4143 res
617 4089 706 4160 μ]
774 4090 872 4145 der
925 4086 1325 4158 Hauptbegriff

190 4157 332 4213 ruht
394 4159 455 4213 in
509 4160 637 4214 dem
691 4159 1081 4229 Par-ticipium3
1147 4159 1321 4213 daher

190 4229 327 4285 tritt
371 4229 431 4284 in
478 4230 576 4284 der
610 4220 956 4286 Ubersetzun
1045 4231 1187 4284 statt
1222 4229 1320 4284 des

193 4301 352 4357 Part.
383 4301 473 4355 ein
506 4318 605 4356 aus
635 4302 763 4376 dem
791 4302 958 4372 Begri
1026 4299 1320 4357 desselben

196 4373 622 4428 entnommenes
687 4372 1012 4428 Substantiv
1078 4372 1185 4428 ein.
1254 4404 1317 4412 —

1437 2740 1701 2793 bonorum
1729 2740 1865 2811 dion]
1897 2740 1986 2794 die
2007 2738 2184 2794 Gfiter
2204 2741 2302 2795 der
2320 2740 2553 2809 Pompe-

1428 2809 1596 2934 jaluer
1608 2811 1878 2935 k{vurden
1933 2810 2198 2937 vervlhxguft
2252 2811 2387 2936 (Ξᾱετ
2431 2827 2552 2955 ητα]-

1437 2898 1494 2934 sc
1538 2898 1609 2936 en
1680 2913 1794 2935 .—
1834 2900 1931 2938 nec
1985 2900 2022 2936 a
2100 2900 2155 2937 io
2205 2899 2380 2938 soum
2430 2900 2523 2939 ec.

1433 2952 1656 3006 Ebenso
1707 2954 1904 3008 urteilt
1957 2953 2149 3008 Cicero
2203 2953 2296 3010 ΠΙ.
2355 2960 2438 3009 32.
2492 2962 2550 3022 5;

1433 3024 1634 3077 anders
1663 3024 1909 3079 schreibt
1937 3042 1995 3080 er
2022 3043 2095 3080 an
2108 3024 2424 3095 Marcellus,
2453 3027 2551 3081 der

1431 3093 1591 3149 nicht
1609 3094 2029 3150 zurflckkehren
2048 3096 2255 3161 woute,
2276 3097 2370 3153 ΠΙ.
2391 3104 2476 3151 21.
2501 3104 2548 3152 1.

1426 3196 1493 3205 -
1526 3168 1660 3236 plus
1694 3183 1809 3222 non
1835 3169 2037 3238 potest]
2087 3167 2199 3223 Cic.
2238 3169 2419 3223 ffihlte
2459 3169 2549 3222 die

1426 3236 1833 3307 Veranderung
1870 3238 2066 3293 darum
2096 3240 2254 3293 nicht
2288 3240 2549 3307 weniger,

1428 3308 1545 3362 und
1583 3308 1753 3363 Casar
1798 3310 1958 3364 hatte
1995 3310 2095 3363 auf
2137 3308 2228 3363 die
2264 3309 2548 3363 Wfinsche

1430 3379 1528 3433 der
1564 3379 1827 3450 Seinigen
1855 3381 2162 3436 Rficksicht
2196 3398 2262 3432 zu
2290 3379 2547 3433 nehmen.

1428 3449 1558 3519 Vgl.
1587 3450 1682 3505 III.
1714 3456 1798 3507 21.
1831 3458 1890 3506 3:
1936 3452 2112 3506 multa
2143 3451 2341 3506 victori
2366 3465 2550 3504 eorum

1430 3523 1663 3577 arbitrio
1698 3529 1793 3579 etc.

1497 3600 1548 3647 3.
1595 3594 1733 3647 mihi
1786 3595 1902 3662 ipse
1947 3592 2231 3663 displiceo]
2286 3594 2394 3648 sibi
2439 3594 2549 3647 dis—

1416 3664 1623 3734 plicere
1667 3662 2079 3731 verdriesslich,
2129 3663 2237 3718 mit
2284 3664 2402 3718 sich
2450 3680 2549 3717 un-

1426 3733 1712 3788 zufricden
1750 3734 1885 3790 sein.
1950 3733 2067 3789 Att.
2106 3736 2177 3789 II.
2218 3741 2300 3791 18.
2339 3742 2400 3789 3:
2437 3736 2548 3788 dis-

1416 3806 1598 3874 pliceo
1642 3806 1779 3859 mihi
1822 3822 1919 3859 nec
1963 3807 2082 3861 sine
2128 3822 2334 3860 summo
2367 3806 2549 3860 scribo

1426 3877 1626 3931 dolore.
1665 3905 1733 3915 —
1768 3878 2035 3931 rationem
2088 3876 2326 3946 nullam]
2381 3874 2548 3931 keine

1428 3947 1534 4000 Art
1578 3945 1691 3999 und
1738 3945 1955 4015 Weise,
2011 3946 2062 4002 d.
2102 3945 2138 4001 i.
2178 3946 2343 4001 keine
2388 3946 2546 4017 Mog-

1426 4015 1689 4083 lichkeit3
1757 4036 1799 4072 s.
1855 4037 1900 4071 z.
1959 4018 2024 4071 11.
2072 4023 2157 4074 26.
2209 4024 2264 4072 1:
2321 4019 2545 4084 factum.

1426 4086 1556 4157 Vgl.
1592 4088 1635 4141 I.
1677 4094 1758 4142 13.
1799 4094 1857 4143 3:
1906 4105 2044 4158 quae
2088 4090 2246 4145 nobis
2290 4091 2436 4145 ratio
2471 4093 2545 4146 sit

1429 4160 1674 4215 ineunda
1709 4176 1823 4214 non
1859 4160 2060 4229 aqendi
2089 4160 2304 4230 aliquid
2330 4163 2422 4216 sed
2449 4167 2543 4217 etc.

1431 4262 1493 4271 —-
1542 4230 1813 4301 sontibus]
1868 4247 1910 4285 s.
1957 4230 2101 4285 Einl.
2150 4251 2197 4287 z.
2242 4233 2291 4287 J.
2343 4237 2427 4288 54.
2476 4263 2544 4274 —-

1426 4302 1795 4374 sanctissimo]
1816 4303 2035 4374 „Wenn
2045 4304 2317 4360 romische
2331 4304 2544 4360 Staats-

1427 4378 1658 4429 manner
1712 4374 1795 4430 als
1852 4373 2041 4429 solche
2090 4375 2270 4431 sancti
2314 4375 2544 4438 heisten,

2018 4465 2123 4516 11*
