3000 4917
393 227 482 292 38
1194 226 1329 282 121ss.
1366 226 1407 281 1.
1430 226 1674 284 Ems'r.
1716 232 1799 282 13.
1842 233 1925 282 ιι.

393 392 516 457 tibi
565 396 823 477 gratum
867 393 1130 474 putaret
1166 389 1328 472 fore3
1377 390 1558 454 cuius
1597 389 1815 455 officia
1849 390 2229 455 iucundiora
2266 389 2514 455 scilicet
2548 410 2744 474 saepe

395 481 560 546 mihi
602 480 893 563 fuerunt,
937 501 1268 563 nunquam
1315 481 1538 543 tamen
1584 479 1890 563 gratiora.

573 568 682 634 Me
733 572 949 633 autem
993 589 1127 631 non
1175 567 1382 633 oratio
1429 571 1547 632 tua
1592 569 1803 634 solum
1851 571 1918 633 et
1963 567 2241 632 societas
2288 588 2490 652 paene
2537 567 2749 652 aegri-

396 658 670 741 tudinis,
742 657 856 723 sed
929 657 1127 721 etiam
1201 656 1555 721 auctoritas
1628 657 2026 740 consolatur3
2094 660 2286 740 turpe
2359 656 2532 720 enim
2604 677 2748 721 esse

398 747 698 812 existimo
744 768 848 812 me
895 767 1027 810 non
1070 746 1165 809 ita
1207 744 1377 809 ferre
1422 765 1644 809 casum
1692 766 1932 824 meum,
1987 747 2062 810 ut
2104 749 2205 827 tu,
2255 744 2375 808 tali
2421 745 2749 830 sapientia

396 835 756 920 praeditus,
819 834 1155 899 ferendum
1217 836 1429 918 putas.
1534 831 1659 898 Sed
1725 834 2060 918 opprimor
2124 833 2451 899 interdum
2517 836 2585 900 et
2637 834 2749 899 vix

394 924 631 989 resisto
678 924 909 1006 dolori,
953 923 1124 1008 quod
1171 944 1249 988 ea
1293 943 1397 987 me
1440 922 1684 987 solacia
1723 922 2047 1006 deficiunt,
2093 943 2257 1006 quae
2294 922 2543 1002 ceteris,
2593 945 2750 1007 quo-

403 1036 550 1079 rum
604 1013 767 1078 mihi
814 1013 1107 1095 exempla
1151 1032 1470 1095 propono,
1528 1011 1730 1076 simili
1773 1011 1845 1075 in
1887 1011 2155 1076 fortuna
2198 1033 2331 1076 non
2376 1011 2750 1077 defuerunt:

386 1125 550 1168 -nam
599 1106 665 1167 et
712 1102 785 1179 Q.
832 1100 1184 1184 Maximus,
1230 1100 1342 1185 qui
1386 1100 1596 1164 filium
1641 1101 2079 1179 consularem,
2130 1100 2383 1165 clarum
2426 1100 2641 1166 virum
2689 1105 2756 1165 et

397 1191 652 1276 magnis
706 1191 897 1255 rebus
955 1190 1188 1273 gestis,
1243 1188 1491 1272 amisit,
1550 1191 1615 1253 et
1669 1188 1739 1253 L.
1794 1187 2090 1273 Paullus,
2149 1188 2260 1273 qui
2315 1188 2443 1253 duo
2499 1194 2751 1273 septem

397 1280 640 1364 diebuS,
677 1282 743 1343 et
777 1282 993 1344 vester
1030 1276 1259 1343 Gallus
1297 1280 1363 1341 et
1398 1277 1485 1346 M.
1515 1276 1700 1359 cato,
1738 1279 1849 1362 qui
1888 1299 2141 1343 summo
2179 1277 2460 1362 ingenio,
2498 1300 2757 1344 summa

395 1369 637 1433 virtute
674 1368 883 1432 filium
918 1367 1218 1451 perdidit,
1255 1366 1339 1430 iis
1375 1367 1782 1451 temporibus
1819 1367 2096 1449 fuerunt,
2134 1370 2208 1431 ut
2245 1388 2470 1431 eorum
2497 1367 2756 1432 luctum

396 1457 684 1541 ipsorum
751 1456 1038 1541 dignitas
1093 1455 1544 1521 consolaretur
1598 1477 1700 1535 ea,
1764 1478 1960 1541 quam
2017 1477 2095 1520 ex
2148 1478 2220 1520 re
2278 1454 2544 1540 publica
2604 1477 2757 1521 con·

317 1544 359 1608 2
398 1546 855 1631 sequebantur3
915 1545 1079 1609 mihi
1143 1548 1362 1610 autem
1426 1545 1683 1609 amissis
1748 1545 2145 1610 ornamentis
2210 1544 2323 1629 iis,
2388 1566 2552 1629 quae
2607 1545 2752 1628 ipse

396 1656 862 1700 commemoras
910 1655 1197 1719 quaeque
1245 1656 1423 1699 eram
1470 1633 1772 1698 maximis
1819 1634 2152 1698 laboribus
2200 1633 2492 1718 adeptus,
2542 1655 2750 1699 unum

361 1725 699 1789 ·manebat
760 1723 920 1788 illud
991 1723 1330 1806 solacium,
1392 1722 1565 1807 quod
1621 1726 1913 1808 ereptum
1969 1726 2085 1787 est.
2184 1720 2336 1787 Non
2391 1723 2755 1788 amicorum

393 1813 705 1898 negotiis,
775 1834 909 1877 non
971 1811 1065 1876 rei
1130 1811 1428 1896 publicae
1494 1811 1946 1895 procuratione
2001 1810 2522 1895 impediebantur
2578 1813 2754 1897 cogi-

399 1902 677 1966 tationes
732 1922 939 1984 meae,
992 1900 1155 1964 nihil
1208 1900 1278 1963 in
1332 1899 1476 1965 foro
1533 1919 1725 1984 agere
1777 1900 2053 1983 libebat,
2111 1900 2440 1983 adspicere
2501 1901 2752 1965 curiam

400 2011 535 2054 non
579 1993 901 2073 poteram,
956 1988 1434 2072 existimabam,
1486 1989 1555 2053 id
1602 1989 1773 2074 quod
1820 1991 1988 2073 erat,
2034 2009 2258 2054 omnes
2305 2011 2409 2052 me
2457 1991 2521 2052 et
2566 1989 2755 2054 indu-

401 2079 595 2142 striae
641 2100 823 2142 meae
866 2077 1114 2143 fructus
1161 2081 1226 2142 et
1268 2077 1569 2143 fortunae
1615 2077 1997 2162 perdidiss03
2046 2078 2157 2142 sed
2205 2099 2352 2142 cum
2390 2077 2755 2163 cogitarem

398 2167 559 2231 haec
613 2166 774 2231 mihi
828 2170 1044 2231 tecum
1098 2171 1165 2232 et
1217 2188 1364 2230 cum
1420 2166 1807 2251 quibusdam
1854 2188 1994 2231 esse
2040 2167 2432 2249 communia,
2489 2170 2555 2231 et
2599 2188 2753 2231 cum

399 2255 767 2341 frangerem
811 2255 943 2320 iam
987 2256 1127 2339 ipse
1173 2278 1276 2319 me
1315 2276 1741 2341 cogeremque
1777 2255 1897 2319 illa
1928 2254 2098 2319 ferre
2136 2256 2508 2336 toleranter,
2554 2253 2753 2321 habe-

399 2344 549 2409 bam
598 2366 726 2428 quo
772 2344 1201 2429 confugerem,
1245 2344 1359 2409 ubi
1405 2344 1946 2430 conquiescerem,
1993 2343 2174 2407 cuius
2220 2344 2290 2407 in
2338 2364 2637 2409 sermone
2685 2348 2755 2408 et

396 2434 715 2499 suavitate
764 2455 986 2498 omnes
1034 2455 1220 2498 curas
1269 2434 1653 2519 doloresque
1700 2434 2113 2517 deponerem:
2161 2454 2331 2498 nunc
2369 2438 2587 2498 autem
2624 2432 2753 2499 hoc

394 2525 532 2587 tam
595 2523 779 2607 gravi
842 2523 1108 2588 vulnere
1173 2523 1374 2588 etiam
1438 2523 1579 2605 illa,
1644 2544 1808 2607 quae
1865 2522 2281 2587 consanuisse
2336 2521 2750 2605 videbantur,

393 2612 877 2695 recrudescunt3
939 2633 1074 2676 non
1136 2612 1337 2695 enim,
1400 2616 1473 2676 ut
1534 2616 1677 2677 tum
1730 2634 1833 2676 me
1888 2633 1928 2675 a
1981 2633 2052 2676 re
2108 2611 2368 2695 publica
2423 2613 2755 2675 maestum

395 2699 623 2765 domus
678 2700 1062 2785 excipiebat,
1128 2722 1291 2784 quae
1344 2700 1617 2783 levaret,
1683 2701 1776 2766 sic
1829 2721 2002 2765 nunc
2063 2699 2253 2765 domo
2314 2721 2609 2765 maerens
2666 2700 2754 2764 ad

395 2810 532 2853 rem
568 2789 899 2872 publicam
944 2787 1290 2872 confugere
1337 2808 1623 2873 possum,
1668 2794 1743 2854 ut
1787 2790 1857 2852 in
1905 2789 2043 2854 eius
2090 2788 2279 2854 bonis
2318 2788 2753 2872 adquiescam.

385 2875 623 2960 ltaque
669 2880 734 2940 et
780 2876 971 2940 domo
1019 2876 1249 2940 absum
1295 2880 1360 2939 et
1402 2875 1574 2955 foro,
1621 2876 1791 2960 quod
1836 2898 1955 2942 nec
2002 2899 2149 2942 eum
2196 2877 2505 2960 dolorem,
2553 2899 2755 2962 quem

394 3119 457 3172 in
491 3119 649 3174 Rom.
682 3149 749 3160 —
776 3117 1138 3189 iucundiora]
1176 3118 1509 3186 angenehm,
1615 3118 1818 3173 Prator
1877 3118 2184 3189 designiert
2235 3135 2368 3173 war.
2461 3119 2591 3189 Vgl.
2649 3120 2750 3178 die

396 3190 735 3260 ergotzlich,
814 3190 922 3245 den
996 3188 1204 3244 Sinnen
1276 3189 1511 3244 schmei-
1619 3190 1881 3245 ahnliche
1937 3189 2110 3245 Stelle
2154 3189 2316 3244 Tusc.
2363 3188 2459 3242 ΠΙ.
2508 3196 2594 3246 28.
2645 3196 2753 3249 70:

394 3260 622 3329 chelnd,
713 3267 871 3317 ratus
921 3265 1084 3330 wert,
1138 3259 1281 3328 1ieb,
1335 3261 1512 3317 teuer.
1618 3263 1802 3333 qualis
1860 3262 1975 3330 fuit
2042 3260 2105 3330 Q.
2163 3261 2457 3316 Maximus
2518 3262 2753 3329 efferens

398 3331 636 3387 Gratum
716 3350 826 3387 ann
862 3333 985 3388 also
1023 3333 1201 3388 selbst
1236 3332 1337 3386 das
1375 3332 1512 3400 sein,
1619 3334 1797 3403 filium
1905 3333 2268 3401 consularem,
2377 3333 2561 3401 qualis
2671 3334 2749 3391 L.

393 3420 507 3459 was
524 3404 686 3459 nicht
701 3406 1002 3460 iucundum
1019 3403 1111 3458 ist.
1143 3403 1270 3473 Vgl.
1288 3401 1513 3459 1.16.1.
1622 3405 1885 3469 Paullu8‚
1973 3404 2185 3459 duobus
2266 3404 2470 3472 paucis
2555 3405 2753 3462 diebus

395 3507 462 3515 —
505 3475 565 3545 Q.
608 3475 923 3546 Maximus]
973 3476 1037 3541 Q.
1084 3476 1292 3530 Fabius
1338 3474 1516 3531 Maxi-
1622 3476 1840 3531 amissis
1874 3476 2026 3542 filiis,
2060 3476 2243 3544 qualis
2279 3475 2356 3529 M
2358 3521 2362 3525 .
2396 3473 2551 3542 Cato,
2580 3492 2751 3544 prae-

393 3564 517 3600 mus
557 3545 863 3602 Cunctator
908 3547 1093 3602 verlor
1136 3545 1330 3600 seinen
1368 3545 1523 3602 Sohn
1627 3553 1740 3602 tore
1754 3547 2037 3616 designato
2053 3551 2266 3602 mortuo
2292 3546 2440 3614 filim
2466 3544 2579 3616 vgl.
2602 3546 2754 3602 auch

393 3617 658 3687 Quintus,
721 3617 890 3672 Kons.
946 3623 1050 3671 213
1106 3636 1159 3672 v.
1219 3615 1376 3685 Chr„
1441 3617 1522 3670 im
1629 3619 1699 3673 de
1727 3633 1836 3671 am.
1866 3622 1916 3671 2.
1948 3623 1997 3673 9.

392 3688 628 3744 zweiten
664 3688 973 3757 punischen
1008 3688 1233 3756 Kriege.
1297 3688 1410 3743 Cic.
1450 3689 1522 3744 de
1698 3694 1748 3743 2.
1805 3689 1949 3744 illud
1996 3689 2285 3759 solacium]
2343 3687 2592 3743 namlich
2648 3689 2754 3743 der

397 3776 512 3815 sen.
550 3766 601 3814 4.
644 3765 725 3814 12.
765 3791 832 3800 —
871 3760 940 3815 L.
978 3758 1240 3829 Paullus]
1292 3759 1421 3815 dem
1457 3760 1519 3814 L.
1628 3760 1890 3830 Umgang·
1933 3761 2042 3814 mit
2086 3759 2289 3814 Tullia.
2338 3790 2410 3799 —
2446 3760 2752 3815 amicorum

394 3830 671 3886 Aemilius
699 3830 929 3885 Paullus
968 3831 1194 3885 starben
1229 3831 1520 3887 unmittel-
1624 3832 1880 3903 neqotiis]
1909 3830 2187 3886 Prozesse.
2200 3862 2267 3871 —
2282 3831 2750 3904 impediebantur]

396 3901 498 3955 bar
524 3918 625 3957 vor
650 3901 765 3956 und
794 3902 942 3956 nach
970 3900 1181 3955 seinem
1213 3901 1518 3972 Triumphe
1626 3902 1708 3957 sie
1753 3902 1983 3974 wurden
2027 3901 2186 3957 nicht
2220 3903 2281 3957 in
2317 3902 2612 3970 Anspruch
2649 3918 2750 3971 ge-

395 3974 536 4027 fiber
552 3974 785 4028 Perseus
797 3979 898 4027 167
921 3972 1012 4027 die
1034 3971 1236 4027 beiden
1248 3972 1519 4043 jungsten
1623 3990 1904 4042 nommen,
1941 3973 2101 4028 nicht
2136 3971 2445 4043 abgelenkt
2474 3989 2587 4027 von
2617 3971 2752 4028 dem

396 4042 581 4098 seiner
625 4049 661 4098 4
709 4044 912 4099 Sohne.
957 4074 1029 4084 —
1072 4049 1243 4099 vester
1292 4044 1513 4115 Gallus]
1626 4044 1922 4115 Unglficke
1943 4046 2041 4099 des
2059 4043 2451 4099 Vaterlandes.
2487 4043 2749 4113 VgLAtt.

397 4112 456 4168 C.
488 4114 767 4184 Sulpicius
796 4114 989 4170 Gallus
1027 4132 1145 4170 war
1174 4121 1277 4170 168
1305 4115 1518 4170 Tribun
1623 4115 1744 4170 XII.
1781 4121 1868 4171 21.
1909 4121 1967 4171 δε
2038 4116 2188 4186 Quid
2243 4116 2388 4170 enim
2442 4115 2579 4170 mihi
2623 4132 2750 4170 cum

394 4183 456 4238 in
475 4185 602 4240 dem
620 4185 801 4241 Heere
829 4187 928 4241 des
945 4186 1007 4242 L.
1028 4185 1276 4241 Paullus.
1334 4187 1519 4242 Vester
1621 4187 1772 4255 foro,
1820 4189 1940 4242 siue
1983 4187 2239 4254 iudiciis,
2283 4187 2402 4241 sine
2447 4187 2637 4254 curia,
2683 4188 2751 4243 in

396 4255 527 4310 weil
589 4273 651 4312 er
706 4256 983 4327 Sulpicier
1036 4275 1168 4313 war.
1227 4289 1294 4299 —
1353 4258 1516 4330 Cato]
1624 4259 1805 4313 oculos
1902 4258 2314 4314 incurrentibus
2410 4258 2512 4326 iis,
2612 4273 2750 4327 quos

396 4326 705 4385 Censorius.
793 4330 921 4385 Sein
979 4328 1131 4385 Sohn
1186 4328 1326 4385 Cato
1372 4328 1517 4384 Lici·
1628 4346 1798 4399 aequo
1862 4331 2047 4385 auimo
2109 4330 2292 4385 videre
2343 4345 2459 4382 non
2507 4344 2747 4396 possum.

395 4398 597 4455 nianus
626 4402 780 4457 starb
813 4407 931 4473 163,
959 4401 1044 4456 als
1074 4417 1134 4456 er
1159 4401 1368 4458 bereits
1388 4419 1516 4456 zum
1626 4432 1693 4443 —
1732 4419 1769 4456 a
1813 4418 1872 4457 re
1898 4419 1959 4473 p.
1998 4399 2285 4472 maestum]
2337 4395 2446 4453 ‘als
2494 4398 2588 4454 ich
2631 4415 2770 4456 von.
