3000 4917
1082 171 1144 224 T.
1182 167 1600 224 POMPONIUS
1637 165 1966 222 ATTICUS.
2606 162 2691 226 99

520 334 627 399 Ita
683 337 837 398 sunt
892 346 1021 396 res‘
1052 335 1347 396 nostrae:
1412 334 1487 394 ut
1539 330 1609 393 in
1664 328 1984 411 secundis,
2040 329 2278 411 fluxae,
2332 330 2406 391 ut
2459 327 2528 390 in
2583 325 2755 396 ad-8

343 424 552 490 versis
564 475 581 507 ‚
642 423 873 487 bonae.
962 420 1044 485 In
1096 442 1166 484 re
1221 419 1532 484 familiari
1589 417 1769 482 valde
1819 439 2063 499 sumus,
2115 421 2191 480 ut
2237 416 2390 499 8818,
2443 418 2691 500 pertur-

346 513 506 578 bati.

606 512 955 576 Praeterea
1020 513 1172 573 sunt
1236 507 1553 593 quaedam
1610 504 1988 588 domestica,
2051 527 2214 590 quae
2268 504 2504 568 litteris
2561 524 2697 568 non

354 601 710 668 committo.
794 598 1110 675 Quintum
1153 597 1422 661 fratrem
1468 596 1714 680 insigni
1749 595 2009 679 pietate,
2055 595 2310 677 virtute,
2354 593 2477 657 fide
2513 613 2694 677 prae-

351 691 558 755 ditum
622 690 715 753 sic
771 709 947 769 am0‚
1010 691 1084 750 ut
1138 686 1355 750 debeo.
1446 684 1539 749 Te
1596 686 1900 766 exspecto
1957 688 2023 747 et
2078 704 2218 765 010,
2285 686 2359 746 ut
2410 686 2698 745 matures

349 780 570 845 venire
618 798 818 861 eoque
863 777 1080 841 animo
1117 774 1359 858 venias,
1395 777 1472 837 ut
1507 795 1610 837 me
1648 776 1762 837 tuo
1801 771 2074 836 consilio
2115 790 2302 855 egere
2336 792 2466 834 non
2505 770 2696 834 sinas,

350 868 639 932 Alterius
702 866 873 929 vitae
941 863 1258 948 quoddam
1310 861 1571 927 initium
1627 860 1930 926 ordimur.
2032 859 2175 924 Iam
2232 859 2524 943 quidam,
2589 858 2699 942 qui

353 978 474 1021 nos
524 956 818 1020 absentes
866 952 1304 1033 defenderunt,
1348 950 1674 1034 incipiunt
1717 948 2166 1033 praesentibus
2207 948 2456 1012 occulte
2491 947 2704 1030 irasci,

355 1049 579 1129 aperte
624 1041 935 1107 invidere:
981 1041 1392 1105 vehementer
1436 1044 1502 1103 te
1548 1039 1955 1122 requirimus,

1252 1287 1612 1353 EPISTULA
1659 1285 1804 1351 XII.

1274 1407 1384 1479 (Ad
1418 1407 1537 1464 Atat.
1576 1408 1671 1462 lv.
1710 1410 1788 1475 2.)

1156 1532 1416 1588 CICERO
1455 1532 1725 1587 ATTICO
1765 1531 1911 1587 SAL.

536 1642 605 1708 Si
649 1644 823 1709 forte
868 1644 1079 1709 rarius
1124 1644 1249 1707 tibi
1297 1665 1335 1706 a
1381 1665 1483 1707 me
1531 1665 1726 1727 quam
1774 1666 1813 1706 a
1859 1640 2090 1706 ceteris
2136 1641 2389 1706 litterae
2435 1641 2705 1706 reddun-
2729 1645 2762 1708 1

357 1741 481 1818 tur,
531 1737 685 1818 peto
726 1755 764 1796 a
799 1737 886 1815 te,
922 1736 996 1796 ut
1031 1732 1096 1796 id
1132 1753 1267 1796 non
1306 1732 1496 1796 modo
1534 1731 1983 1816 neglegentiae
2022 1752 2222 1814 meae,
2259 1730 2371 1795 sed
2406 1753 2488 1796 ne
2526 1752 2708 1795 occu-

359 1823 613 1908 pationi
662 1821 921 1905 quidem
957 1821 1238 1904 tribuas3
1286 1842 1450 1904 quae
1488 1821 1612 1884 etsi
1651 1842 1905 1883 summa
1941 1822 2056 1902 est,
2100 1823 2309 1884 tamen
2349 1819 2528 1884 nulla
2566 1840 2710 1884 esse

357 1914 579 1994 potest
634 1913 840 1993 tanta,
901 1913 974 1973 ut
1017 1910 1450 1993 interrumpat
1495 1909 1620 1973 iter
1667 1909 1905 1973 amoris
1951 1908 2159 1972 nostri
2205 1912 2271 1972 et
2316 1907 2514 1973 officii
2560 1909 2710 1974 mei.

361 1997 561 2082 Nam,
615 2002 691 2063 ut
743 1998 892 2063 veni
937 1997 1242 2080 Romam,
1297 1998 1532 2061 iterum
1586 2019 1756 2062 nunc
1814 2018 1955 2061 sum
2002 1997 2238 2061 certior
2281 1996 2492 2062 factus
2542 2019 2709 2081 esse,

364 2087 468 2153 cui
515 2088 735 2152 darem
778 2087 1061 2171 litteras3
1108 2087 1325 2170 itaque
1373 2087 1491 2151 has
1541 2087 1778 2151 alteras
1824 2085 1989 2151 dedi.

540 2174 876 2240 Prioribus
922 2174 1045 2240 tibi
1090 2175 1435 2259 declaravi,
1483 2174 1794 2240 adventus
1839 2179 2061 2239 noster
2105 2176 2314 2256 qualis
2359 2175 2593 2240 fuisset
2640 2179 2708 2239 et

358 2265 502 2350 quis
545 2269 716 2329 esset
752 2267 961 2328 status
1002 2267 1195 2347 atque
1225 2285 1450 2328 omnes
1481 2285 1585 2328 res
1612 2268 1873 2328 nostrae
1904 2264 2442 2347 quemadmodum
2471 2267 2706 2346 essent,

355 2358 429 2418 ut
473 2354 543 2417 in
591 2352 910 2437 secundis,
955 2353 1184 2434 fluxae,
1229 2356 1305 2416 ut
1347 2354 1416 2416 in
1464 2352 1770 2436 adversm,
1816 2352 2043 2417 bonae.
2126 2351 2286 2417 Post
2329 2353 2475 2416 illas
2514 2353 2702 2417 datas
2726 2356 2773 2419 2

353 2444 609 2507 litteras
667 2444 886 2506 secuta
937 2443 1038 2505 est
1083 2463 1336 2505 summa
1381 2441 1710 2507 contentio
1757 2441 1837 2505 de
1884 2440 2096 2505 domo.
2187 2438 2488 2506 Diximus
2535 2440 2705 2524 apud

357 2530 698 2615 pontifices
758 2552 851 2613 pr.
898 2528 1043 2593 Kal.
1094 2528 1427 2596 Octobres.

1529 2529 1699 2594 Acta
1754 2551 1859 2594 res
1914 2534 2014 2593 est
2069 2534 2366 2593 accurate
2415 2552 2454 2594 a
2498 2528 2706 2611 nobis,

357 2624 422 2683 et
479 2620 535 2683 si
588 2640 876 2703 unquam
932 2619 1003 2681 in
1060 2618 1327 2683 dicendo
1380 2617 1624 2683 fuimus
1683 2617 1951 2701 aliquid,
2008 2620 2121 2682 aut
2167 2618 2391 2703 etiam,
2447 2618 2506 2682 si
2549 2640 2706 2682 nun·

368 2728 562 2791 quam
610 2707 769 2771 alias
816 2706 1076 2790 fuimuS,
1116 2710 1258 2771 tum
1304 2707 1597 2790 profecto
1647 2706 1887 2772 doloris
1925 2705 2304 2791 magnitudo
2343 2708 2471 2771 vim
2511 2728 2706 2791 quan-

363 2914 566 2970 Weihe
589 2913 750 2968 nicht
766 2914 1136 2983 ausgehoben,
1167 2930 1229 2969 so
1251 2916 1481 2970 wollten

364 2985 458 3040 die
504 2984 755 3041 Konsuln
801 2987 900 3039 das
946 3003 1055 3041 von
1102 2986 1328 3041 Clodius
1374 2986 1479 3041 Ge-

360 3057 532 3111 baute
586 3055 980 3111 niederreifsen
1033 3057 1149 3111 und
1193 3056 1253 3111 in
1298 3057 1480 3113 ihrem

360 3126 579 3182 Namen
659 3128 758 3181 das
832 3125 1101 3181 Gebaude
1185 3127 1481 3183 aufffihren

356 3200 543 3253 lassen
587 3198 700 3252 und
749 3197 897 3253 dann
944 3198 1045 3251 das
1092 3199 1306 3267 Ganze,
1360 3200 1479 3254 also

362 3270 507 3324 auch
528 3269 617 3324 die
628 3270 931 3337 Baustelle‚
950 3269 1112 3324 nicht
1128 3269 1274 3324 blofs
1293 3287 1479 3339 super-

360 3343 560 3410 ficiem,
598 3339 934 3395 abschatzen
972 3341 1087 3394 und
1122 3344 1411 3410 vergfiten.

431 3416 480 3466 8.
520 3417 582 3465 ut
617 3413 682 3465 in
716 3412 971 3467 secundis
998 3454 1011 3467 .
1041 3453 1053 3465 .
1086 3454 1099 3467 .
1129 3413 1320 3482 bonae]
1356 3412 1477 3467 'die-

361 3482 560 3536 selben
592 3481 790 3536 Worte
835 3480 1021 3536 finden
1067 3483 1188 3536 sich
1224 3483 1302 3536 im
1340 3483 1474 3553 folg.

360 3555 450 3607 Br.
480 3558 512 3618 ὅ
544 3558 592 3607 1.
619 3552 735 3606 und
762 3552 833 3606 ad
861 3551 1016 3607 Brut.
1046 3553 1087 3607 I.
1112 3559 1193 3607 10.
1215 3559 1274 3609 2:
1311 3556 1478 3610 huius

362 3625 488 3679 belli
523 3625 771 3691 fortuna,
806 3628 868 3677 ut
902 3626 967 3678 in
996 3626 1267 3693 semotio,
1302 3628 1476 3694 fluxa,

359 3701 425 3749 ut
468 3696 533 3749 in
577 3696 845 3762 adversis,
901 3696 1059 3750 bona.
1131 3695 1259 3766 Vgl.
1307 3704 1371 3752 ut
1413 3699 1478 3752 in

360 3767 540 3833 malie,
578 3764 617 3818 I.
652 3770 734 3820 18.
764 3771 847 3820 39.
916 3766 988 3820 Ut
1022 3768 1086 3821 in
1119 3769 1373 3823 secundis
1410 3794 1478 3813 ==

359 3836 452 3890 ft'ir
469 3835 790 3907 glfickliche
809 3835 1210 3892 Verhffltnisse.
1233 3869 1301 3878 —
1317 3856 1476 3908 quae-

360 3909 490 3963 dam
544 3907 858 3979 domestica]
913 3906 1164 3978 gemeint
1209 3906 1334 3963 sind
1387 3910 1479 3964 die

363 3977 791 4047 Streitigkeiten
846 3978 905 4033 in
961 3979 1060 4033 der
1103 3979 1367 4047 Famili03
1434 3999 1476 4036 8.

362 4048 735 4104 TERENTIA
799 4050 1060 4106 Vorbem.
1161 4050 1297 4106 Dass
1365 4051 1480 4105 und

362 4120 469 4175 wie
535 4120 593 4177 C.
660 4121 783 4175 hier
846 4138 951 4175 nur
1016 4121 1207 4176 seinen
1268 4122 1485 4177 Bruder

365 4192 600 4257 Quintus
656 4192 936 4262 erwahnt,
991 4194 1124 4263 sagt
1167 4210 1379 4264 genug;
1437 4212 1481 4251 s.

364 4263 501 4332 folg.
538 4261 630 4317 Br.
669 4268 700 4327 ξ
740 4268 787 4319 ’1.

436 4334 616 4391 Emsr.
654 4332 776 4394 XII.
827 4337 969 4403 (697.
1010 4337 1119 4404 57.)
1183 4333 1293 4389 Der
1328 4333 1485 4390 Brief

1589 2915 1667 2970 ist
1720 2918 1866 2970 etwa
1911 2916 2083 2970 ’8111811
2132 2915 2326 2971 Monat
2377 2916 2523 2972 nach
2579 2918 2707 2972 dem

1588 2987 2084 3057 vorhergehenden
2157 2988 2521 3057 geschrieben
2588 2990 2706 3044 und

1589 3057 1808 3113 enth'alt
1851 3058 2329 3128 gewissermassen
2376 3059 2499 3116 eine
2546 3060 2707 3115 Fort-

1589 3133 1818 3197 setzung
1854 3129 2160 3185 desselben.

1661 3243 1707 3289 1.
1747 3252 1861 3291 non
1893 3236 2077 3308 modo]
2115 3238 2267 3291 steht
2294 3236 2384 3291 fiir
2409 3255 2522 3293 ‘non
2547 3240 2708 3294 modo

1585 3324 1717 3389 pon,
1746 3325 1908 3391 wenn
1935 3324 2003 3362 ne
2030 3309 2251 3389 quidem1
2275 3308 2440 3378 solgt,
2468 3310 2582 3363 und.
2602 3309 2703 3363 das

1583 3377 2410 3530 adamassem.
2434 3379 2703 3518 1181ῖῖ

1586 3520 1884 3574 schafthch
1914 3521 2003 3573 ist.
2053 3520 2105 3574 S.
2126 3519 2219 3575 IV.
2242 3526 2289 3575 9.
2317 3526 2362 3573 1.
2384 3552 2452 3559 -
2480 3521 2701 3593 iterum]

1583 3593 1741 3680 nicht
1773 3608 1982 3647 rursus,

1658 3703 1707 3752 2.
1728 3698 1996 3752 Diximus
2019 3698 2172 3766 apud
2181 3699 2366 3769 pont]
2395 3695 2500 3750 Die
2523 3697 2702 3751 oratio

1587 3768 1657 3822 de
1722 3768 1886 3822 domo
1953 3784 2053 3821 sua
2107 3769 2178 3822 ad
2275 3768 2526 3821 ontifices
2574 3768 2704 3834 (vor

1587 3840 1715 3893 dem
1752 3837 2074 3918 Kollegium
2113 3839 2212 3893 der
2292 3838 2571 3905 ontifices,
2609 3857 2704 3893 um

1587 3909 1677 3963 die
1717 3909 2111 3978 Ungfllugkeit
2166 3911 2265 3964 der
2321 3909 2421 3962 auf
2465 3907 2703 3966 Clodius'

1587 3980 2001 4049 Veranlassung
2012 3996 2123 4034 von
2133 3980 2315 4035 einem
2330 3979 2706 4039 Verwandten

1591 4051 1885 4106 desselben
1903 4051 2270 4120 vollzogenen
2292 4052 2488 4107 Weihe
2507 4053 2702 4107 darzu-

1589 4122 1752 4191 thun)
1798 4121 1874 4175 ist
1918 4140 2022 4176 uns
2071 4123 2341 4177 erhalten.
2392 4154 2461 4164 —
2497 4125 2708 4190 fuimus

1590 4193 1827 4263 aliquid]
1893 4195 2098 4247 ebenso
2162 4191 2314 4248 Fam.
2375 4196 2442 4252 V.
2502 4202 2586 4251 12.
2642 4202 2700 4252 6:

1589 4280 1758 4333 neque
1792 4264 1935 4319 enim
1967 4270 2030 4319 tu
2055 4266 2106 4319 is
2133 4280 2203 4331 ee,
2239 4268 2352 4335 qui,
2389 4269 2552 4337 quid
2585 4268 2706 4333 sis,

1589 4337 1814 4391 nescias.
1888 4335 2042 4392 Fam.
2088 4335 2181 4389 IV.
2224 4343 2305 4392 18.
2345 4344 2406 4391 4:
2459 4354 2551 4407 eqo
2603 4338 2706 4391 ali·

2210 4426 2283 4480 7*
