3000 4917
2142 161 2147 170 -
2214 171 2221 184 .
2300 141 2325 160 .-
2358 141 2385 190 ·.
2406 141 2455 188 v
2530 141 2543 148 -
2632 167 2663 178 .-

656 231 719 298 Q.
760 232 1114 290 LIGARJUS.
1186 235 1260 290 M.
1300 232 1660 289 CLAUDIUS
1695 175 2643 367 MARCELLUSJX-QQ,[Exi-{1}t

237 399 505 459 brachte.
614 398 799 461 Cesar
870 402 1063 480 zeigte
1130 401 1261 462 eine
1334 404 1441 463 der
1502 402 1965 478 Bewunderung
2026 403 2294 481 wfirdige
2355 402 2580 463 Selbst-

239 489 685 566 verleugnung‚
750 491 873 549 und
936 492 1073 550 dem
1136 490 1528 551 Verbannten
1590 493 1767 552 stand
1830 492 1937 550 der
1998 491 2152 569 Weg
2212 492 2366 551 nach
2428 492 2581 551 Rom

237 578 412 638 offen.
512 576 650 654 Vgl.
714 579 833 638 den
895 579 1139 638 Bericht
1201 579 1352 640 iiber
1416 581 1579 640 seine
1644 581 2086 657 Begnadigung
2141 579 2250 640 III.
2307 582 2409 640 32.
2468 583 2506 640 3
2538 581 2577 641 f.

231 665 442 725 Allein
498 666 661 726 scine
715 668 965 745 eigenen
1019 668 1230 728 Worte
1287 662 1428 747 (Ep.
1477 661 1591 751 22)
1649 670 1853 746 zeigen
1906 687 2044 741 unS,
2106 668 2237 728 dass
2289 669 2396 728 ihn
2448 669 2581 748 „die

232 755 731 832 ausgedrungene
769 753 1121 817 Wohlthat“
1157 757 1288 816 kalt
1323 757 1475 817 liesS.
1550 757 1705 817 Aufs
1753 776 1906 816 neue
1951 758 2177 817 musste
2215 755 2420 817 Cicero
2467 758 2583 817 den

230 843 589 921 Zogernden
652 865 758 903 zur
821 845 1345 923 Beschleunigung
1406 847 1605 906 seiner
1667 846 1994 906 Rfickkehr
2058 847 2401 906 ermahnen.
2498 847 2582 905 Er

230 934 344 993 sah
390 932 611 992 Italien
657 933 825 992 nicht
868 934 1039 993 mehr
1091 934 1337 1009 wieder3
1395 935 1545 995 eben
1590 936 1672 993 im
1721 934 1984 1012 Begriffe
2031 953 2142 994 aus
2189 935 2322 993 dem
2369 934 2584 1001 Piraus

232 1021 628 1096 abzufahren,
686 1023 890 1082 wurde
947 1041 1012 1081 er
1065 1042 1185 1082 von
1238 1023 1461 1083 seinem
1518 1023 1829 1100 Begleiter
1882 1024 1947 1083 P.
1996 1023 2236 1099 Magius
2290 1022 2420 1083 Cilo
2475 1041 2584 1083 aus

231 1110 628 1170 Privatrache
685 1113 1002 1172 ermordet.
1091 1111 1239 1170 Dafs
1296 1110 1481 1171 Casa]-
1537 1112 1654 1171 den
1705 1113 1878 1172 Mord
1934 1111 2310 1188 angestiftet,
2376 1112 2585 1172 wurde

235 1199 429 1258 selbst
467 1217 587 1259 von
624 1199 832 1259 seinen
867 1200 1132 1259 Feinden
1167 1200 1337 1259 nicht
1371 1200 1682 1276 geglaubt.
1755 1202 1870 1261 Mit
1906 1202 2041 1260 dem
2079 1204 2235 1260 etwa
2275 1203 2354 1259 12
2396 1201 2438 1258 J
2440 1201 2584 1260 ahre

230 1289 465 1347 alteren
512 1287 717 1347 Cicero
764 1307 889 1347 war
932 1289 1253 1348 Marcellus
1299 1309 1417 1348 von
1461 1290 1504 1347 J
1504 1290 1709 1365 ugend
1763 1290 1872 1349 auf
1914 1290 2100 1349 durch
2147 1289 2587 1350 Freundschaft

227 1378 601 1437 verbunden.
692 1376 802 1437 Als
847 1377 1085 1437 Redner
1130 1396 1257 1437 war
1304 1397 1367 1437 er
1411 1378 1708 1455 geachtet.

1120 1672 1475 1740 EPISTULA
1511 1673 1687 1738 XIX.

1161 1795 1271 1865 (Ad
1297 1795 1430 1851 fam.
1457 1794 1553 1850 lv.
1584 1796 1658 1865 s.)

836 1916 911 1972 M.
952 1917 1211 1973 CICERO
1252 1918 1306 1974 S.
1343 1919 1411 1973 D.
1446 1917 1521 1975 M.
1560 1917 1969 1976 MARCELLO.

410 2043 640 2131 Neque
695 2066 957 2109 monere
1011 2049 1077 2110 te
1133 2045 1336 2111 audeo
1390 2047 1755 2130 praestanti
1809 2046 2155 2131 prudentia
2204 2046 2417 2112 virum
2462 2068 2583 2111 nec
2605 2049 2641 2114 1

236 2135 616 2199 confirmare
655 2134 922 2199 maximi
960 2135 1161 2199 animi
1198 2134 1531 2201 hominem
1567 2156 1892 2222 unumque
1939 2135 2386 2218 fortissimum,
2431 2157 2581 2200 con-

239 2224 441 2288 solari
486 2244 636 2288 vero
684 2223 862 2288 nullo
909 2223 1129 2305 mod03
1185 2245 1339 2288 nam
1388 2225 1443 2288 si
1491 2246 1586 2308 ea,
1633 2246 1796 2310 quae
1845 2225 2242 2308 acciderunt,
2296 2226 2393 2289 ita
2435 2225 2582 2305 fers,

235 2317 310 2376 ut
365 2312 587 2395 audie,
651 2311 971 2397 gratulari
1026 2314 1234 2398 magis
1290 2312 1522 2378 virtuti
1569 2276 1777 2378 debeo
1836 2335 2030 2398 quam
2086 2313 2411 2379 consolari
2474 2314 2582 2377 do-

230 2402 433 2466 lorem
500 2407 709 2483 tuum3
776 2402 876 2465 sin
939 2404 1005 2465 te
1060 2405 1247 2466 tanta
1302 2403 1475 2465 mala
1538 2402 1632 2466 rei
1693 2402 1991 2484 publicae
2046 2401 2390 2485 frangunt,
2453 2422 2584 2464 non

228 2492 325 2555 ita
371 2487 629 2555 abundo
676 2489 971 2576 ingenio,
1018 2494 1091 2555 ut
1135 2495 1199 2554 te
1246 2490 1569 2572 consoler,
1615 2512 1761 2554 cum
1808 2490 1947 2574 ipse
1994 2511 2096 2555 me
2141 2511 2274 2555 non
2318 2489 2583 2573 possim.

230 2578 585 2663 Reliquum
643 2581 743 2642 est
796 2579 1024 2662 igitur,
1089 2585 1164 2643 ut
1217 2578 1342 2650 tibi
1397 2600 1501 2642 me
1557 2578 1627 2641 in
1682 2580 1856 2642 omni
1910 2600 1981 2642 re
2037 2600 2183 2643 eum
2235 2577 2584 2661 praebeam

232 2673 686 2752 praestemque
733 2670 801 2732 et
846 2667 929 2731 ad
974 2668 1212 2749 omnia,
1260 2688 1424 2750 quae
1470 2667 1568 2730 tui
1613 2666 1832 2745 velint,
1877 2668 1973 2730 ita
2016 2667 2143 2748 sim
2185 2668 2465 2750 praestO,
2509 2670 2584 2731 ut

236 2778 343 2821 me
378 2778 515 2821 non
553 2757 766 2821 solum
805 2756 1024 2820 omnia
1061 2756 1292 2820 debere
1328 2759 1444 2820 tua
1479 2777 1692 2836 causa,
1727 2776 1891 2839 quae
1928 2756 2193 2840 possim,
2239 2755 2351 2820 sed
2388 2754 2584 2819 etiam

236 2865 401 2929 quae
453 2867 587 2909 non
643 2845 917 2929 possim,
972 2849 1211 2928 putem.
1301 2843 1474 2915 Illud
1531 2849 1752 2908 tamen
1808 2844 1912 2908 vel
1967 2850 2040 2909 tu
2095 2866 2197 2909 me
2254 2845 2648 2911 monuisse2

236 2933 343 2998 vel
428 2935 747 2998 censuisse
831 2937 991 3016 puta
1066 2934 1166 2997 vel
1239 2937 1508 3017 propter
1582 2933 2095 2998 benevolentiam
2167 2936 2379 2998 tacere
2451 2955 2584 2999 non

235 3022 550 3107 potuisse,
594 3025 686 3103 ut,
730 3022 904 3108 quod
951 3043 1073 3108 ego
1111 3022 1298 3106 faci0,
1343 3025 1415 3086 tu
1453 3043 1708 3106 quoque
1746 3022 2032 3087 animum
2070 3022 2357 3102 inducaS‚
2404 3022 2461 3087 si
2499 3024 2585 3088 sit

236 3111 457 3196 aliqua
508 3133 611 3176 res
667 3111 956 3194 publica,
1010 3112 1078 3175 in
1134 3132 1210 3175 ea
1269 3113 1335 3175 te
1391 3132 1533 3174 esse
1580 3115 1908 3196 oportere,
1962 3112 2196 3177 iudicio
2241 3112 2582 3177 hominum

231 3221 430 3285 reque
465 3200 847 3284 principem,
881 3201 1270 3265 necessitate
1307 3199 1637 3264 cedentem
1675 3201 1969 3284 tempori,
2007 3201 2107 3265 sin
2147 3204 2364 3265 autem
2401 3201 2584 3264 nulla

234 3290 338 3372 sit,
382 3289 557 3354 hunc
602 3293 824 3353 tamen
872 3289 1279 3373 aptissimum
1327 3310 1466 3353 esse
1514 3289 1712 3354 etiam
1760 3290 1841 3353 ad
1892 3289 2312 3354 exsulandum
2350 3289 2582 3353 locum.

303 3480 484 3535 Emer.
522 3479 671 3534 XIX.
709 3483 852 3549 (708.
890 3486 1000 3548 46.)
1461 3501 1531 3535 zu
1564 3483 1710 3536 thun
1747 3480 2008 3550 schuldig
2041 3478 2187 3548 sein;
2215 3478 2331 3549 vgl.
2351 3478 2392 3533 Ι.
2417 3483 2499 3533 15.
2522 3485 2583 3532 3:

311 3557 358 3605 1.
397 3568 536 3620 quae
570 3553 908 3621 acciderunt]
957 3553 1057 3607 das
1093 3553 1354 3623 Unghick
1461 3555 1536 3609 al.
1574 3569 1746 3608 causa
1779 3553 1925 3607 velle.

231 3620 421 3677 seiner
469 3622 676 3677 Partei.
715 3653 781 3663 —
818 3625 1098 3692 yratulari
1130 3624 1352 3695 virtuti]

231 3692 422 3748 Glfiok
439 3695 861 3749 wfinschenzu.
883 3694 1200 3763 wDadurch
1231 3694 1354 3749 dass
1572 3695 1707 3750 ‚vel
1751 3693 1835 3765 tu]
1882 3698 1946 3747 tu
1988 3692 2071 3748 in
2094 3694 2196 3747 das
2245 3691 2391 3746 erste
2429 3689 2583 3744 Satz·

231 3765 334 3820 der
359 3764 628 3819 Lateiner
663 3763 756 3820 die
784 3765 963 3821 Sache
990 3783 1115 3820 zum
1145 3765 1250 3834 Obj
1256 3765 1355 3819 ekt
1462 3701 1618 3834 gli2ed
1646 3763 2077 3834 eingeschoben,
2105 3762 2351 3818 obschon
2381 3778 2440 3817 es
2458 3778 2585 3815 zum

231 3835 474 3890 macheu
510 3835 690 3903 kann,
737 3836 859 3905 legt
893 3854 953 3891 er
989 3837 1101 3890 den
1136 3836 1299 3904 Haup
1302 3837 1350 3889 t-
1461 3835 1804 3905 Hauptverb.
1826 3840 1977 3903 puta
2002 3834 2220 3900 gehon,
2257 3832 2364 3887 wie
2399 3834 2482 3887 vel
2517 3848 2585 3884 zu

229 3905 557 3962 nachdruck
586 3878 690 3961 aut²
710 3907 804 3963 die
826 3906 1196 3978 Eigensohaft
1221 3905 1355 3960 oder
1459 3904 2120 3973 monuis833s.z.11.4.
2193 3904 2350 3958 Illud
2384 3904 2589 3984 gehort

231 3977 323 4033 die
370 3976 695 4061 Handlung·
721 3980 822 4034 der
860 3980 1095 4047 Person,
1142 3975 1354 4032 welche
1462 3977 1547 4031 als
1584 3976 1689 4044 Obj
1694 3976 1792 4031 ekt
1837 3993 1906 4030 zu
1951 3976 2059 4029 den
2106 3976 2227 4029 drei
2263 3971 2583 4029 Infinitiven

231 4064 328 4103 am
383 4048 623 4106 meisten
679 4048 739 4104 in
792 4049 1066 4106 Betracht
1117 4048 1351 4102 kommt.
1460 4047 1579 4101 und
1615 4047 1773 4101 dient
1816 4064 1912 4101 zur
1946 4044 2301 4115 Einftihrung
2337 4045 2436 4100 des
2479 4044 2582 4100 fol-

231 4120 352 4174 Att.
397 4119 439 4175 I.
489 4126 574 4176 17.
623 4126 684 4175 6.
738 4122 853 4188 fuit
905 4121 1043 4175 mihi
1095 4134 1253 4187 saepe
1305 4124 1358 4174 et
1462 4119 1684 4188 genden
1718 4123 1814 4172 ut.
1840 4118 2223 4172 ,inducasu—
2152 4119 2315 4171 —in
2332 4134 2431 4173 ca.
2451 4117 2585 4199 esse]

231 4192 424 4246 laudis
458 4197 680 4247 nostrae
704 4193 1009 4276 gratulatio
1035 4197 1136 4246 tua
1162 4191 1356 4245 iucun-
1461 4190 1524 4244 in
1556 4188 1648 4243 ihr
1673 4187 1856 4245 leben.
1922 4189 2076 4243 Dazu
2111 4187 2318 4243 musste
2356 4204 2417 4243 er
2450 4188 2583 4244 frei-

231 4263 311 4317 da
356 4269 407 4317 et
451 4264 667 4319 timorve
710 4264 1011 4319 consolatio
1053 4267 1233 4333 yrata.
1288 4291 1355 4301 —-
1461 4260 1578 4316 lich
1616 4258 1709 4316 die
1739 4259 2091 4330 Verzeihung
2127 4259 2226 4315 des
2255 4260 2583 4316 Herrschere

231 4338 334 4389 tua
360 4350 529 4390 causa
581 4335 769 4391 debere
795 4335 1035 4391 alicuius
1061 4348 1232 4388 causa
1257 4332 1354 4388 ist:
1461 4332 1840 4388 nachsuchen.
1911 4363 1976 4373 —
2039 4334 2187 4388 hunc
2242 4374 2255 4388 .
2314 4375 2326 4388 .
2384 4330 2585 4400 locum]

230 4404 292 4459 in
316 4405 511 4474 jeman
605 4404 899 4473 Interesse,
934 4404 1026 4459 fiir
1053 4403 1357 4474 jemanden
1461 4404 1632 4473 Rom,
1696 4422 1791 4459 um
1858 4404 1986 4459 dort
2045 4406 2128 4474 (so
2182 4404 2310 4473 wie)
2362 4402 2425 4457 in
2487 4401 2587 4454 der
