3000 4917
330 910 378 973 2

398 212 488 276 74
1177 212 1310 267 LIB.
1349 213 1390 267 1.
1454 212 1676 267 EPIST.
1715 217 1945 269 22—24.

399 377 630 462 magis,
676 376 845 461 quod
891 376 1186 459 Hermia,
1233 398 1424 461 quem
1471 376 1698 441 eodem
1744 374 1846 439 die
1892 375 2112 440 venire
2159 379 2552 459 oportuerat,
2604 397 2741 440 non

401 468 683 530 venerat.
773 465 1145 530 Incredibili
1192 487 1335 530 sum
1381 463 1810 530 sollicitudine
1856 464 1934 528 de
1990 467 2105 528 tua
2165 465 2553 548 valetudine,
2613 486 2745 548 qua

401 554 457 618 si
503 575 605 619 me
652 555 974 638 liberaris,
1029 576 1152 640 ego
1198 558 1262 618 te
1309 554 1485 619 omni
1532 576 1684 619 cura
1728 553 2043 618 liberabo.
2130 552 2330 618 Plura
2376 553 2746 635 scriberem,

401 643 455 706 si
490 642 622 707 iam
659 647 953 728 putarem
989 644 1267 708 libenter
1303 646 1370 707 te
1407 644 1624 728 legere
1661 663 1870 726 posse.
1944 641 2283 727 Ingenium
2322 646 2527 725 tuum,
2565 642 2743 726 quod

401 752 522 816 ego
578 733 841 797 maximi
894 733 1094 814 facio,
1155 731 1374 797 confer
1429 731 1510 796 ad
1562 734 1630 794 te
1684 730 1846 795 mihi
1899 731 2148 814 tibique
2213 730 2744 796 conservandum.

401 819 571 884 Oura
615 826 681 885 te
727 821 923 886 etiam
968 825 1162 906 atque
1209 821 1409 884 etiam
1456 819 1818 904 diligenter.

1909 818 2091 884 Vale.

576 907 830 993 Scripta
867 911 998 974 iam
1034 910 1312 994 epistula
1346 908 1616 973 Hermia
1651 910 1846 973 venit.
1906 902 2148 991 Accepi
2175 914 2357 972 tuam
2393 908 2740 993 epistulam

399 997 854 1063 vacillantibus
892 999 1226 1084 litterulis3
1272 1019 1391 1062 nec
1429 998 1684 1080 mirum,
1729 1000 1868 1061 tam
1914 998 2097 1081 gravi
2143 999 2388 1063 morbo.
2462 996 2609 1082 Ego
2659 998 2745 1061 ad

398 1090 464 1150 te
493 1085 863 1171 Aegyptam
891 1087 1059 1170 misi,
1095 1086 1265 1172 quod
1302 1107 1418 1151 nec
1455 1085 1846 1150 inhumanus
1885 1089 1986 1150 est
2022 1090 2089 1150 et
2121 1089 2187 1151 te
2224 1087 2402 1151 visus
2442 1091 2542 1151 est
2577 1086 2745 1150 mihi

397 1175 692 1260 diligere,
729 1179 803 1240 ut
838 1177 894 1240 is
930 1179 1141 1241 tecum
1181 1179 1371 1258 esset,
1413 1178 1477 1239 et
1515 1196 1662 1239 cum
1691 1197 1766 1240 eo
1796 1196 2041 1259 cocum,
2077 1195 2203 1259 quo
2232 1179 2501 1241 uterere.
2557 1174 2746 1241 Vale.

1244 1422 1604 1489 EPISTULA
1652 1421 1890 1488 XXHI.

1277 1545 1387 1616 (Ad
1413 1545 1546 1601 fam.
1574 1544 1721 1599 XVI.
1753 1547 1860 1613 16.)

1210 1669 1273 1736 Q.
1325 1668 1399 1726 M.
1450 1667 1719 1724 FRATRI
1771 1670 1923 1726 SAL.

574 1779 672 1844 De
710 1780 967 1863 Tirone,
1005 1779 1093 1843 mi
1130 1778 1364 1864 Marce,
1403 1780 1497 1844 ita
1535 1783 1600 1844 te
1637 1800 1978 1862 meumque
2013 1777 2384 1845 Ciceronem
2423 1785 2489 1843 et
2527 1800 2744 1843 meam

396 1868 741 1934 Tulliolam
787 1873 1097 1953 tuumque
1140 1868 1347 1932 filium
1393 1867 1663 1952 videam,
1709 1871 1783 1931 ut
1827 1868 1991 1931 mihi
2027 1867 2472 1954 gratissimum
2509 1869 2743 1953 fecisti,

396 1979 542 2022 cum
589 1979 762 2040 eum,
807 1956 1145 2042 indignum
1190 1956 1304 2020 illa
1347 1955 1633 2040 fortuna,
1677 1956 1867 2022 nobis
1915 1959 2190 2021 amicum
2237 1978 2428 2041 quam
2477 1978 2737 2021 servum

396 2068 535 2110 esse
590 2045 896 2111 maluisti.

987 2044 1151 2109 Mihi
1207 2044 1419 2129 crede,
1480 2044 1612 2109 tuis
1671 2048 1736 2109 et
1782 2046 1957 2110 illius
2006 2045 2241 2110 litteris
2286 2046 2587 2131 perlectis
2636 2068 2741 2110 ex-

324 2136 375 2198 2
398 2134 546 2198 silui
592 2134 828 2219 gaudio
878 2136 942 2198 et
986 2134 1111 2198 tibi
1158 2137 1225 2197 et
1272 2154 1395 2219 ago
1444 2134 1692 2218 gratias
1740 2138 1804 2199 et
1860 2134 2179 2220 gratulor3
2236 2135 2292 2199 si
2349 2134 2523 2198 enim
2570 2134 2739 2199 mihi

398 2220 595 2287 Statii
649 2223 930 2288 fidelitas
990 2226 1089 2286 est
1142 2226 1366 2287 tantae
1426 2223 1773 2308 voluptati,
1830 2223 2056 2308 quanti
2104 2245 2243 2289 esse
2288 2223 2357 2287 in
2403 2224 2530 2288 isto
2577 2223 2742 2289 haec

384 2311 623 2376 eadem
678 2313 853 2376 bona
903 2311 1164 2394 debent,
1219 2311 1455 2376 additis
1502 2311 1770 2396 litteris,
1828 2312 2260 2394 sermonibuS,
2315 2312 2745 2398 humanitate,

398 2422 564 2484 quae
611 2403 764 2465 sunt
808 2400 908 2465 his
956 2400 1118 2486 ipsis
1159 2400 1515 2466 commodis
1552 2400 1837 2485 potiora!
1912 2399 2081 2466 Amo
2119 2404 2183 2465 te
2223 2400 2524 2466 omnibus
2562 2403 2742 2486 equi-

397 2489 540 2553 dem
587 2489 887 2554 maximis
934 2490 1012 2554 de
1059 2490 1292 2574 causis,
1338 2512 1562 2555 verum
1611 2490 1806 2553 etiam
1851 2494 2117 2574 propter
2162 2489 2358 2573 hanc,
2411 2491 2516 2556 vel
2566 2491 2741 2576 quod

395 2578 556 2643 mihi
594 2580 701 2662 sic,
739 2582 814 2643 ut
848 2578 1143 2662 debuisti,
1180 2578 1526 2643 nuntiasti:
1563 2580 1629 2642 te
1664 2580 1878 2643 totum
1917 2579 1986 2642 in
2015 2579 2250 2644 litteris
2280 2579 2429 2644 vidi.
2506 2577 2735 2645 Sabini

392 2668 612 2750 pueris
659 2671 725 2731 et
769 2668 1039 2752 promisi
1086 2669 1304 2732 omnia
1352 2671 1415 2731 et
1459 2666 1711 2731 faciam.

382 2895 462 2931 zu
493 2877 828 2933 vermeiden.
886 2876 1010 2946 Vgl.
1040 2878 1155 2931 Att.
1187 2876 1303 2931 XII.
1334 2882 1419 2931 37.
1453 2882 1510 2931 1:

397 2948 602 3017 Accepi
638 2989 650 3001 .
692 2991 704 3002 .
745 2990 757 3002 .
794 2947 1040 3002 ‚Atticam
1078 2949 1248 3018 plane
1295 2949 1424 3003 belle
1457 2964 1514 3003 se

392 3020 616 3085 habere,
669 3034 720 3070 u.
770 3017 839 3074 V.
879 3022 962 3073 11.
1001 3025 1060 3074 7:
1116 3035 1238 3074 cum
1291 3034 1384 3087 eqo
1431 3036 1514 3073 me

383 3106 508 3144 mon
525 3090 655 3144 belle
675 3090 936 3145 haberem.
976 3088 1248 3159 Dagegen
1267 3090 1515 3144 schreibt

394 3158 692 3215 Dolabella
749 3161 891 3214 ohne
946 3160 1195 3214 Reflexiv
1251 3161 1510 3231 (vulgar)

395 3231 549 3286 Fam.
604 3232 697 3285 IX.
757 3236 805 3286 9.
867 3234 922 3285 1:
1002 3231 1258 3287 Terentia
1329 3233 1515 3286 minus

394 3303 525 3357 belle
588 3303 796 3357 habuit.
862 3332 932 3343 —
1000 3305 1150 3358 omni
1202 3318 1341 3358 cura
1388 3302 1509 3374 zib]

396 3399 464 3419 =
527 3375 669 3430 diem
721 3373 901 3443 prbm,
959 3390 991 3429 r
1087 3374 1373 3429 assentabo
1432 3374 1512 3427 im

396 3462 508 3502 vor.
546 3443 637 3499 Br.
678 3476 745 3486 —
783 3390 1227 3515 libenterefrohne
1267 3443 1388 3499 dass
1426 3444 1513 3498 dir

394 3517 493 3571 das
529 3516 709 3571 Lesen
744 3515 1148 3571 beschwerlich
1184 3514 1339 3570 wird.

463 3640 646 3694 Ems'r.
682 3638 884 3695 XXIII.
923 3642 1065 3709 (700.
1105 3645 1189 3694 54.
1273 3639 1511 3705 Quintus

391 3711 610 3767 schrieb
649 3710 842 3764 diesen
869 3710 1027 3764 Brief
1052 3727 1151 3765 aus
1229 3709 1400 3764 allien
1440 3727 1511 3764 an

393 3783 586 3838 seinen
611 3780 842 3849 Bruder‚
879 3781 1156 3836 nachdem
1194 3800 1254 3836 er
1282 3780 1373 3835 die
1400 3780 1513 3835 An-

392 3855 547 3923 zeige
590 3870 696 3910 von
725 3854 825 3907 der
850 3853 1206 3923 Freilassung
1235 3852 1396 3907 Titos
1426 3869 1510 3906 er-

275 3984 283 3996 ·
391 3925 601 3980 halten.

467 4019 513 4068 1.
550 4012 663 4083 De]
694 4029 736 4065 s.
767 4031 811 4067 z.
839 4010 882 4066 I.
915 4019 959 4066 1.
991 4018 1041 4066 4.
1081 4043 1145 4052 -
1184 4014 1352 4068 ita..
1385 4055 1398 4069 .
1426 4013 1507 4067 vi-

389 4085 575 4151 deam,
620 4089 685 4138 ut
721 4125 733 4138 .
767 4126 780 4138 .
810 4126 822 4139 .
869 4084 1069 4155 fecistz]
1123 4099 1184 4138 so
1231 4086 1387 4138 wahr
1413 4083 1507 4138 ich

391 4155 522 4209 dich
565 4156 735 4209 seben
789 4156 1040 4222 mochte‚
1088 4156 1219 4210 hast
1262 4156 1339 4209 du
1385 4195 1398 4208 .
1437 4195 1451 4209 .
1493 4197 1507 4209 .

392 4225 466 4279 So
505 4226 659 4281 steht
694 4227 885 4297 haufig
923 4227 1021 4281 der
1055 4224 1411 4296 Konjunktiv
1447 4225 1509 4279 in

386 4293 830 4367 Beteuerungen,
870 4295 1089 4353 worauf
1121 4298 1269 4351 dann
1304 4301 1367 4353 ut
1405 4296 1509 4350 mit

1622 2876 1748 2932 dem
1776 2876 1957 2931 Indik.
1995 2876 2159 2946 folgt.
2213 2876 2279 2931 In
2316 2877 2423 2932 den
2455 2877 2585 2932 Satz
2623 2878 2742 2932 ein-

1621 2946 1938 3017 geschoben
2011 2948 2164 3003 steht
2226 2948 2316 3003 die
2382 2950 2741 3019 Beteuerung

1620 3019 1727 3073 mit
1760 3021 1844 3075 ita
1880 3021 1997 3073 und
2043 3020 2170 3074 dem
2207 3021 2554 3089 Konjunktiv
2592 3024 2741 3075 ohne

1619 3096 1709 3158 ut,
1762 3091 1868 3145 wie
1914 3090 2068 3145 Fam.
2106 3090 2254 3146 XVI.
2292 3097 2387 3147 20:
2444 3091 2742 3161 Sollicitat,

1620 3162 1704 3216 ita
1738 3162 1946 3230 vivam,
1989 3178 2070 3216 me
2105 3167 2232 3229 tua,
2281 3165 2362 3216 mi
2400 3162 2559 3230 Tire,
2597 3164 2743 3218 vale-

1619 3234 1768 3288 tudo.
1800 3264 1866 3273 —-
1895 3234 1997 3289 illa
2031 3233 2285 3305 fortuna]
2325 3233 2497 3288 worin
2526 3251 2586 3288 er
2615 3234 2741 3289 sich

1620 3321 1722 3359 vor
1757 3304 1858 3359 der
1892 3304 2258 3359 manumissio
2294 3303 2523 3359 befand.

1690 3381 1741 3429 2.
1806 3375 2001 3446 Statii]
2066 3374 2258 3430 friiher
2315 3374 2544 3450 Sklave¹
2593 3375 2742 3446 jetzt

1619 3445 2068 3514 Freigelassener
2096 3445 2194 3500 des
2224 3445 2479 3510 Quintus.
2509 3476 2581 3486 —
2607 3449 2739 3504 haec

1619 3516 1785 3588 bona]
1825 3517 1985 3585 quasi
2018 3518 2080 3571 in
2114 3533 2227 3571 una
2253 3516 2528 3572 fidelitate
2555 3518 2738 3574 multa

1621 3589 1941 3657 commoda,
2023 3587 2314 3656 multaque
2387 3588 2536 3643 bona
2608 3589 2741 3644 sint.

1618 3658 1920 3713 Manutius.
1988 3690 2053 3699 —
2118 3659 2383 3730 equidem]
2440 3659 2578 3714 iiber
2630 3660 2740 3716 den

1618 3729 1917 3785 Anschluss
1951 3747 2064 3785 von
2098 3730 2326 3799 quidem
2363 3748 2437 3785 an
2473 3731 2572 3785 das
2600 3731 2739 3786 Pro—

1617 3817 1823 3855 nomen
1850 3801 1965 3870 vgl.
1994 3820 2039 3855 z.
2067 3802 2288 3855 I.16.1.
2319 3832 2387 3841 -
2414 3803 2494 3857 sic
2513 3820 2741 3858 —num-

1618 3872 1799 3944 tiasti]
1864 3873 1963 3925 der
2025 3871 2182 3927 Brief
2240 3873 2341 3927 des
2406 3871 2599 3929 Cicero
2664 3891 2741 3929 an

1617 3941 1810 3998 seinen
1868 3943 2080 3998 Bruder
2144 3942 2304 3999 hatte
2360 3944 2513 3999 wohl
2578 3947 2741 4000 mehr

1617 4014 1725 4067 den
1788 4012 2012 4068 Freund
2073 4014 2156 4070 als
2219 4015 2329 4069 den
2393 4015 2573 4069 Herrn
2638 4017 2738 4071 des

1616 4084 2076 4153 Freigelassenen
2112 4086 2397 4141 erkennen
2433 4086 2637 4141 lassen.
2670 4118 2738 4128 ——

1614 4156 1696 4209 vel
1732 4157 1878 4224 quod
1913 4157 2099 4226 nunt]
2146 4158 2232 4212 vel
2267 4159 2411 4227 quod
2440 4182 2507 4203 =
2540 4157 2742 4213 ‘sehon

1616 4225 1796 4282 weil'.
1873 4257 1940 4266 —
2013 4227 2247 4299 Sabini]
2335 4230 2490 4283 sonst
2561 4231 2738 4285 unbe-

1614 4295 1811 4351 kannt.
1852 4328 1919 4337 —
1951 4299 2165 4370 pueris]
2207 4325 2275 4344 ==
2314 4298 2504 4356 servis.
