3000 4917
407 201 495 264 42
1202 202 1337 258 LIB.
1375 205 1450 267 1.,
1483 202 1704 257 EPIST.
1746 208 1828 258 15.
1871 209 1952 258 16.

407 365 655 447 silium3
698 387 851 430 nam
898 366 1063 429 nihil
1107 367 1237 430 isto
1283 370 1502 449 potest
1538 386 1679 430 esse
1716 365 2056 430 iucundius
2092 387 2224 430 non
2262 366 2455 431 modo
2495 366 2768 432 miseris

405 452 510 517 his
566 455 972 537 temporibus
1029 458 1094 518 et
1149 454 1492 533 luctuosiS‚
1549 454 1662 519 sed
1709 455 1905 519 etiam
1950 454 2325 538 tranquillis
2372 459 2439 519 et
2486 456 2769 541 optatis,

403 543 790 625 praesertim
864 544 961 607 ve]
1038 542 1254 607 animo
1329 542 1688 628 defatigato
1752 547 1864 607 tuo
1874 593 1892 626 ,
1967 543 2076 626 qui
2147 564 2317 608 nunc
2388 545 2768 628 requietem

407 634 675 714 quaerat
739 653 816 695 ex
877 632 1134 716 magnis
1199 631 1731 716 occupationibus
1741 683 1758 715 ‚
1818 631 1922 696 vel
1981 631 2260 713 erudito,
2326 633 2439 715 qui
2500 654 2769 717 semper

407 720 648 804 aliquid
694 742 773 785 ex
819 742 886 785 se
931 724 1216 805 promat,
1270 721 1442 804 quod
1497 721 1663 785 alios
1719 720 2016 804 delectet,
2072 725 2126 784 te
2179 721 2392 805 ipsum
2448 721 2765 787 laudibus

326 813 369 878 2
405 808 728 873 inlustret.
846 807 962 875 Sin
1044 812 1287 891 autem,
1367 810 1539 873 sicut
1607 808 1759 872 hinc
1831 808 2242 894 discesseras,
2312 809 2603 874 lacrimis
2684 833 2768 876 ac

403 897 717 962 tristitiae
751 901 817 963 te
854 897 1199 977 tradidisti,
1221 897 1441 980 ⁴dole0,
1488 898 1642 982 quia
1679 897 1856 962 doles
1894 902 1960 961 et
1995 917 2261 981 angere3
2306 919 2438 963 non
2478 920 2766 983 possum

403 991 471 1050 te
516 1007 652 1051 non
699 1022 778 1033 —
830 988 888 1051 si
934 986 1253 1071 concediS,
1300 986 1470 1071 quod
1519 986 1832 1050 sentimus
1878 991 1953 1050 ut
2002 985 2271 1051 liberius
2326 986 2620 1051 dicamus
2678 1024 2758 1036 --

404 1096 725 1140 accusare.
799 1074 970 1151 Quid
1006 1072 1222 1139 enim?
1267 1079 1341 1139 tu
1381 1075 1555 1139 solus
1594 1077 1823 1157 aperta
1856 1095 1991 1138 non
2026 1073 2295 1159 videbis,
2333 1076 2447 1159 qui
2482 1081 2769 1160 propter

404 1184 677 1228 acumen
731 1164 1171 1229 occultissima
1225 1163 1586 1247 perspicis?
1642 1168 1714 1228 tu
1770 1183 1903 1226 non
1955 1162 2295 1249 intelleges
2351 1169 2418 1227 te
2471 1165 2768 1248 querelis

404 1251 751 1316 cotidianis
789 1251 954 1316 nihil
983 1251 1341 1335 proficere?
1379 1274 1511 1316 non
1542 1252 1886 1336 intelleges
1914 1251 2229 1335 duplicari
2258 1251 2770 1339 sollicitudines,

321 1345 365 1410 3
404 1361 561 1423 quas
609 1341 858 1405 elevare
903 1344 1019 1404 tua
1062 1345 1130 1404 te
1175 1339 1521 1426 prudentia
1573 1339 1909 1423 postulat?
2004 1339 2188 1416 Quod
2244 1342 2302 1405 si
2355 1363 2491 1407 non
2544 1344 2769 1426 possi-

401 1451 546 1493 mus
585 1429 830 1513 aliquid
865 1429 1177 1512 proficere
1215 1429 1565 1511 suadend0,
1601 1430 1819 1513 gratia
1849 1427 2298 1494 contendimus
2337 1432 2404 1494 et
2437 1431 2767 1515 rogand0‚

401 1518 457 1580 si
525 1517 681 1601 quid
744 1528 973 1583 nostra
1031 1539 1229 1583 causa
1290 1518 1417 1601 vis,
1479 1522 1556 1582 ut
1616 1518 1762 1582 istis
1818 1521 1882 1581 te
1936 1518 2254 1582 molestiis
2310 1517 2490 1583 laxes
2548 1524 2617 1584 et
2675 1520 2766 1585 ad

399 1607 770 1671 convictum
815 1612 1116 1671 nostrum
1155 1606 1380 1672 redeas
1423 1628 1499 1671 ac
1536 1605 2067 1671 consuetudinem
2103 1607 2204 1669 vel
2241 1611 2539 1671 nostram
2580 1629 2765 1673 com-

397 1716 661 1760 munem
717 1696 817 1760 vel
871 1699 1052 1760 tuam
1111 1695 1308 1760 solius
1364 1716 1439 1760 ac
1492 1696 1840 1779 propriam.
1936 1692 2143 1778 Cupio
2199 1716 2332 1759 non
2388 1696 2765 1762 obtundere

396 1788 490 1864 te,
551 1784 608 1848 si
667 1805 801 1848 non
856 1784 1175 1850 delectare
1228 1789 1457 1849 nostro
1515 1783 1758 1849 studio:
1814 1784 2002 1867 cupio
2060 1783 2413 1868 deterrere,
2467 1806 2551 1849 ne
2608 1808 2768 1870 per--

398 1894 661 1937 maneas
716 1873 786 1937 in
838 1872 1119 1956 incept0.
1211 1871 1401 1938 Nunc
1457 1872 1621 1937 duae
1667 1894 1771 1937 res
1819 1873 1985 1936 istae
2032 1871 2399 1937 contrariae
2448 1895 2552 1937 me
2601 1896 2764 1939 con—

397 1961 694 2043 turbant,
741 1983 818 2026 ex
864 1961 1096 2046 quibus
1144 1965 1257 2025 aut
1302 1961 1371 2025 in
1417 1961 1624 2025 altera
1671 1960 1832 2025 mihi
1875 1959 2099 2043 velim,
2146 1960 2202 2025 si
2247 1964 2456 2045 poteS,
2503 1962 2764 2028 obtem-

395 2070 582 2132 peres
630 2053 744 2114 aut
787 2051 857 2114 in
902 2050 1111 2115 altera
1154 2071 1288 2114 non
1335 2049 1641 2114 offendas.
1731 2047 1914 2113 Vale.

1274 2261 1634 2326 Ems'rULA
1678 2258 1856 2325 XVI.

1319 2382 1426 2450 (Ad
1453 2383 1584 2436 fam.
1613 2380 1679 2434 V.
1715 2382 1819 2451 15.)

961 2509 1034 2565 M.
1074 2506 1332 2563 CICERO
1372 2506 1424 2561 S.
1464 2507 1530 2562 D.
1569 2506 1632 2560 L.
1673 2504 1979 2562 LUCCEIO
2020 2505 2083 2571 Q.
2121 2505 2182 2561 F.

316 2642 353 2706 1
559 2635 800 2701 Omnis
848 2657 1030 2700 amor
1076 2638 1228 2700 tuus
1276 2657 1353 2699 ex
1402 2628 1701 2700 omnibus
1747 2633 2045 2718 partibus
2093 2654 2163 2697 se
2210 2634 2499 2699 ostendit
2550 2636 2624 2699 in
2669 2638 2760 2703 iis

392 2725 650 2804 litteris,
698 2747 860 2809 quas
906 2746 945 2788 a
990 2726 1056 2798 te
1101 2724 1393 2807 proxime
1440 2722 1676 2808 accepi,
1720 2743 1853 2786 non
1898 2721 2009 2785 ille
2055 2721 2311 2806 quidem
2358 2723 2521 2788 mihi
2558 2725 2760 2809 igno-

463 2886 513 2935 2.
563 2882 708 2936 sicut
741 2881 871 2935 hinc
896 2880 1241 2950 discesseras]
1282 2879 1387 2934 wie
1415 2879 1510 2948 du,

392 2951 444 3006 d.
484 2953 519 3005 i.
558 2951 619 3005 in
656 2951 755 3005 der
792 2951 1130 3020 Stimmung,
1172 2949 1231 3004 in
1267 2949 1512 3005 welcher

390 3023 467 3075 du
502 3039 616 3077 von
648 3021 774 3076 hier
808 3038 1117 3092 gegangen.
1174 3021 1278 3075 Die
1314 3020 1512 3076 Lesart

388 3094 465 3147 ist
518 3110 661 3161 ganz
713 3092 999 3161 unsicher,
1057 3091 1149 3146 die
1196 3091 1508 3148 Handschr.

389 3163 570 3233 geben
615 3165 761 3219 sieut
805 3165 961 3219 dicae
1004 3179 1156 3218 seras
1196 3163 1332 3217 oder
1365 3165 1511 3219 sieut

387 3236 624 3291 indicae.
654 3266 722 3275 —
750 3235 973 3306 anyere]
1012 3233 1125 3303 vgl.
1154 3251 1222 3288 zu
1249 3233 1509 3304 vorherg.

388 3306 481 3360 Br.
528 3312 559 3372 ξ
606 3313 666 3361 3:
728 3308 924 3362 videre.
983 3336 1050 3345 -
1100 3322 1214 3361 non
1258 3305 1508 3377 possum]

388 3377 735 3448 Asyndeton.
781 3378 943 3432 Denn
969 3377 1121 3432 doleo
1139 3375 1358 3430 enthalt
1384 3375 1509 3431 eine

390 3448 800 3519 Einraumung,
846 3448 922 3503 ist
957 3446 1078 3503 also
1114 3448 1173 3501 in
1210 3445 1511 3502 Wahrheit

390 3521 518 3574 dem
573 3521 876 3590 folgenden
940 3518 1330 3574 adversativen
1390 3535 1508 3574 non

379 3607 607 3661 possum
648 3607 764 3646 non
808 3606 1068 3645 accusare
1113 3589 1506 3658 subordiniert‚

390 3662 658 3716 wahrend
686 3679 744 3716 es
773 3660 1132 3730 asyndetisch
1159 3660 1508 3744 koordiniert

387 3732 1220 3884 {2223523221303351322
1254 3731 1414 3873 ‘5213
1417 3732 1509 3857 ⁶1¹3

388 3875 481 3930 die
533 3874 697 3929 Mitte
753 3873 1028 3928 zwischen
1081 3890 1217 3928 zwei
1272 3889 1507 3943 engver-

387 3945 646 4000 bundene
665 3944 944 4001 werten«
999 3945 1068 3999 de
1096 3950 1211 4000 nat.
1242 3945 1295 3999 d.
1325 3944 1392 3999 II.
1424 3949 1507 3999 50.

390 4021 519 4068 127:
567 4018 685 4071 suis
723 4032 777 4071 se
821 4017 994 4072 armis
1037 4017 1308 4082 defendit,·
1349 4016 1505 4071 Fam.

387 4084 507 4141 VII.
538 4093 620 4142 33.
652 4093 712 4142 2:
751 4092 880 4143 tuas
905 4088 1041 4142 mihi
1067 4088 1278 4143 litteras
1303 4088 1506 4160 qratia-

386 4159 554 4211 simas
588 4160 715 4225 fore.

459 4233 507 4282 3.
564 4229 782 4299 aliqwid
808 4230 1095 4301 proficere]
1144 4228 1251 4284 wie
1288 4230 1508 4299 aliquid

387 4315 543 4367 ayere
604 4299 1028 4370 geschlossener
1082 4300 1372 4356 Ausdruck
1425 4300 1505 4353 im

385 4368 689 4439 negativen
718 4372 896 4427 Satze.
930 4404 989 4412 —
1024 4374 1076 4428 si
1097 4373 1234 4443 quid
1266 4413 1278 4428 .
1310 4413 1321 4425 .
1352 4415 1366 4430 .
1393 4369 1501 4441 vis]

1616 2879 1857 2934 alicuius
1874 2893 2045 2933 eausa
2070 2878 2202 2933 velle
2227 2877 2329 2933 ist=
2359 2879 2418 2934 in
2441 2879 2753 2948 jemandes

1617 2949 1910 3014 Interesse,
1942 2947 2173 3019 jemand
2209 2968 2277 3003 zu
2304 2949 2478 3005 Liebe
2514 2952 2731 3009 wollen

1617 3018 2675 3149 usmn1⁸0ffssss.*ffl..1.1...1⁵·
2718 2997 2755 3079 ‘⁴³

1616 3163 1778 3232 cupio
1822 3178 1937 3216 mm
1979 3161 2099 3232 eta]
2151 3161 2252 3216 der
2299 3162 2435 3217 Sinn
2482 3163 2586 3218 ist:
2645 3165 2751 3221 Ich

1617 3234 1841 3288 mochte
1889 3230 1977 3286 dir
2019 3231 2178 3287 nicht
2222 3248 2393 3301 gerne
2429 3234 2755 3292 beschwer-

1616 3304 1732 3358 lich
1801 3301 1979 3358 fallen
2051 3302 2230 3357 durch
2293 3304 2518 3360 meinen
2583 3306 2752 3363 Eifer

1616 3375 1842 3444 (studio)
1870 3375 1983 3428 und
2009 3375 2236 3429 mochte
2264 3373 2396 3430 dich
2426 3375 2576 3432 doch
2594 3381 2753 3435 auch

1616 3446 1888 3515 dringend
1909 3446 2209 3499 ermahnen
2229 3446 2555 3516 (deterrere),
2576 3448 2750 3505 deine

1614 3513 2002 3571 Lebensweise
2030 3514 2402 3585 aufzugeben3
2440 3518 2579 3573 thue
2613 3520 2744 3576 also

1614 3588 1895 3642 entweder
1932 3588 2033 3641 das
2071 3587 2218 3655 eine,
2267 3587 2403 3642 oder
2448 3590 2628 3643 nimtn
2668 3609 2746 3647 an

1618 3657 1747 3713 dem
1821 3658 2064 3713 anderen
2126 3658 2467 3729 wenigstens
2532 3661 2749 3718 keinen

1615 3729 1862 3784 Austoss.

1685 3800 1864 3855 Emsr.
1904 3797 2049 3853 XVI.
2090 3802 2233 3868 (709.
2271 3805 2358 3856 45.
2395 3801 2573 3871 Juni.)
2629 3802 2750 3860 Der

1613 3870 1772 3926 Brief
1803 3870 2024 3925 enthalt
2069 3869 2159 3923 die
2195 3869 2458 3926 Antwort
2495 3874 2598 3928 auf
2631 3874 2750 3931 den

1614 3940 2129 4011 vorhergehenden.

1688 4018 1735 4068 1.
1765 4029 1918 4068 amor
1963 4012 2056 4066 bei
2078 4013 2749 4089 iqnotus=Zuneigung,

1614 4085 1699 4138 als
1747 4084 1931 4139 Geffih
1965 4124 1979 4151 ,
2036 4083 2130 4137 bei
2174 4090 2367 4153 yratus
2413 4103 2467 4139 u.
2517 4092 2749 4151 optatus

1615 4181 1684 4201 ==
1720 4153 2012 4209 Ausdruck
2047 4155 2146 4209 des
2185 4153 2436 4211 Geffihls.
2511 4155 2744 4217 Ebenso

1612 4228 1703 4281 Br.
1759 4225 1826 4281 H.
1887 4230 1969 4282 19.
2029 4232 2074 4279 1.
2165 4225 2295 4295 vgl.
2361 4227 2588 4283 libertas
2645 4232 2746 4288 1V.

1613 4304 1664 4353 6.
1684 4303 1734 4352 2.
1758 4299 1939 4352 —ille
1964 4297 2204 4368 quidem]
2236 4298 2455 4365 quidem
2484 4301 2749 4358 schliesst

1613 4369 1733 4424 sich
1768 4385 1908 4439 gem
1945 4385 2016 4422 an
2045 4367 2138 4421 ein
2166 4369 2424 4422 Pronom.
2456 4386 2548 4439 an,
2589 4374 2747 4429 auch
