3000 4917
967 191 1027 249 Τ.
1065 189 1481 247 POMPONIUS
1519 188 1845 245 ATTICUS.
2484 189 2570 255 95

413 355 586 441 Ego,
647 355 847 440 quod,
902 376 1017 438 per
1071 353 1475 418 Thessaliam
1532 354 1588 418 si
1646 354 1807 417 irem
1861 352 1927 416 in
1985 351 2291 436 Epirum,
2344 352 2639 436 perdiu4

229 445 401 510 nihil
449 467 623 510 eram
670 445 1024 528 auditurus,
1070 447 1135 507 et
1181 442 1354 526 quod
1399 443 1526 506 mei
1565 442 1892 506 studiosos
1930 441 2138 506 habeo
2177 441 2570 525 Dyrrhachi·

229 556 371 619 nos,
418 534 498 598 ad
547 555 657 597 eos
703 532 972 617 perrexi,
1018 554 1162 597 cum
1198 531 1317 596 illa
1367 531 1701 615 superiora
1741 529 2238 595 Thessalonicae
2278 529 2569 614 scripsis-

232 644 386 687 sem.
437 665 441 668 -
488 621 647 686 Inde
694 643 839 686 cum
899 621 979 685 ad
1025 625 1090 686 te
1136 641 1238 684 me
1286 625 1684 702 convertam,
1731 619 1967 684 faciam
2012 622 2087 682 ut
2133 619 2297 683 scias
2310 670 2327 702 ‚
2371 622 2570 702 tuque

231 711 312 776 ad
358 733 462 776 me
500 711 695 775 velim
734 711 952 775 omnia
989 731 1183 794 quam
1221 708 1738 793 diligentissime,
1777 707 2160 772 cuicuimodi
2199 710 2379 791 sunt,
2416 708 2570 771 scri-

228 800 375 884 bas3
432 820 555 884 ego
614 800 744 863 iam
800 802 914 863 aut
959 820 1095 863 rem
1151 801 1264 862 aut
1314 819 1395 861 ne
1442 819 1625 882 spem
1673 797 1928 880 quidem
1988 800 2310 880 exspectO.
2400 796 2572 859 Data

231 907 324 954 vl.
374 888 524 954 Kal.
570 887 907 952 Decembr.
954 885 1361 971 Dyrrhachii.

1158 1151 1517 1217 EPISTULA
1560 1150 1640 1217 X.

1132 1272 1240 1343 (Ad
1278 1274 1395 1329 Att.
1429 1271 1526 1328 ΙΙΙ.
1566 1274 1674 1341 26.)

1025 1396 1279 1453 CICERO
1317 1395 1588 1452 ATTICO
1628 1395 1779 1451 SAL.

409 1506 698 1570 Litterae
727 1505 885 1569 mihi
916 1527 955 1569 a
976 1503 1217 1581 Quinto
1246 1506 1448 1571 fratre
1477 1526 1619 1570 cum
1653 1508 1916 1569 senatus
1946 1505 2262 1588 consulto,
2294 1504 2463 1588 quod
2494 1505 2575 1570 de

226 1617 332 1660 me
369 1598 470 1659 est
506 1594 773 1677 factum,
811 1593 1046 1658 allatae
1086 1597 1254 1658 sunt.
1327 1594 1493 1659 Mihi
1532 1594 1601 1657 in
1641 1594 1859 1658 animo
1889 1597 1988 1658 est
2013 1596 2229 1679 legum
2259 1594 2569 1658 lationem

228 1687 619 1768 exspectare,
659 1688 742 1763 et,
771 1683 826 1747 si
854 1683 1341 1761 obtrectabitur‚
1377 1686 1526 1747 utar
1555 1683 1940 1746 auctoritate
1971 1686 2232 1747 senatus
2261 1687 2327 1745 et
2354 1683 2569 1765 potius

232 1774 370 1839 vita
418 1794 613 1858 quam
661 1773 874 1856 patria
920 1771 1169 1837 carebo,
1272 1772 1396 1855 Tu,
1443 1793 1679 1856 quaeso
1692 1823 1708 1853 ,
1754 1771 1994 1835 festina
2041 1771 2121 1835 ad
2166 1792 2287 1839 nos
2337 1771 2569 1835 venire.

1146 2036 1494 2102 EPISTULA
1547 2035 1659 2102 XI.

1144 2157 1251 2227 (Ad
1288 2157 1405 2214 Att.
1443 2158 1537 2212 IV.
1589 2160 1658 2228 1.)

1027 2279 1288 2337 CICERO
1325 2281 1592 2336 ATTICO
1632 2281 1779 2336 SAL.

411 2391 575 2458 Cum
621 2392 902 2476 primum
938 2391 1215 2456 Romam
1253 2392 1397 2456 veni
1434 2391 1704 2485 fuitque,
1753 2393 1855 2457 cui
1892 2397 2061 2457 recte
2099 2391 2181 2457 ad
2216 2397 2281 2456 te
2319 2393 2569 2457 litteras
2595 2402 2633 2464 1

234 2482 470 2563 darem,
506 2481 670 2545 nihil
708 2482 887 2564 prius
926 2481 1290 2544 faciendum
1328 2479 1490 2543 mihi
1527 2479 1770 2563 putavi,
1820 2503 2012 2565 quam
2051 2485 2124 2546 ut
2160 2480 2284 2545 tibi
2320 2482 2571 2545 absenti

239 2571 314 2635 de
359 2571 568 2635 reditu
611 2573 839 2635 nostro
887 2570 1280 2654 gratularer3
1324 2589 1674 2652 cognoram
1723 2569 1918 2652 enim,
1966 2574 2036 2633 ut
2084 2592 2228 2635 vere
2277 2569 2573 2653 scribam,

234 2665 298 2724 te
359 2660 432 2724 in
492 2658 782 2724 consiliis
843 2658 1003 2722 mihi
1062 2657 1289 2721 dandis
1346 2677 1465 2720 nec
1523 2655 1860 2722 fortiorem
1920 2679 2038 2723 nec
2092 2658 2572 2742 prudentiorem

234 2770 428 2852 quam
476 2769 579 2812 me
624 2748 854 2831 ipsum,
901 2769 1002 2810 me
1050 2747 1248 2810 etiam
1295 2749 1563 2830 propter
1608 2767 1818 2809 meam
1865 2747 1932 2811 in
1978 2752 2042 2811 te
2090 2747 2572 2811 observantiam

225 2839 506 2902 nimium
564 2839 632 2900 in
692 2835 984 2900 custodia
1044 2835 1274 2899 salutis
1336 2855 1514 2898 meae
1577 2834 1978 2920 diligentem,
2039 2836 2433 2921 eundemque
2488 2839 2575 2919 te,

300 3018 351 3065 4.
404 3011 512 3063 Zur
550 3009 725 3064 Sache
772 3027 806 3063 v
810 3009 887 3080 3.1
936 3029 979 3063 z.
1022 3010 1063 3062 Ι.
1102 3015 1151 3063 3.
1196 3015 1243 3063 7.
1286 3040 1348 3049 -
1460 3007 1767 3090 schrieben.
1855 3007 2076 3065 Atticus
2123 3010 2266 3065 hielt
2314 3010 2428 3065 sich
2479 3012 2573 3065 da-

227 3082 592 3152 cuicuimodi]
622 3083 679 3134 in
709 3082 809 3135 der
810 3029 1350 3160 gUmgangsspraohe
1459 3080 1601 3133 mals
1648 3078 1707 3133 in
1747 3080 1945 3149 Epirus
1983 3080 2094 3136 auf.

227 3154 498 3209 verkfirzt
522 3154 612 3205 fiir
639 3150 1121 3218 cuiuscuiusmodi‚
1158 3169 1264 3204 nur
1290 3150 1351 3204 in
1535 3158 1579 3203 1.
1597 3150 1759 3222 recte]
1783 3167 1823 3205 s.
1848 3171 1891 3206 z.
1911 3152 1952 3205 I
1973 3159 2056 3208 26.
2080 3158 2129 3208 2.
2154 3184 2215 3192 -
2238 3154 2492 3219 matulam·
2492 3156 2576 3222 er]

225 3224 598 3292 Verbintlung
630 3223 735 3277 mit
759 3221 1209 3277 Prasensformen
1237 3238 1349 3276 von
1457 3221 1623 3276 Dank
1643 3239 1832 3291 engen,
1853 3223 1959 3277 wie
1975 3223 2041 3280 II.
2060 3230 2144 3280 29.
2162 3231 2211 3278 2.
2238 3223 2360 3278 Den
2382 3224 2573 3277 Grund

224 3312 348 3351 esse.
383 3325 447 3335 -
477 3311 592 3349 rem
642 3300 742 3348 aut
767 3293 937 3364 spem]
969 3293 1212 3348 dieselbe
1244 3293 1349 3346 Zu·
1458 3293 1598 3347 dazu
1615 3294 1798 3362 (enim)
1813 3294 1972 3362 giebt
1986 3296 2084 3349 der
2100 3295 2227 3349 Satz
2248 3296 2574 3363 eundemque

228 3365 732 3434 sammenstellung
779 3364 823 3420 Ι.
864 3369 945 3420 12.
993 3371 1054 3430 33
1098 3380 1183 3418 res
1227 3362 1351 3418 hier
1456 3369 1542 3419 te.
1593 3367 1929 3421 ‚contulisse
1977 3366 2090 3421 Das
2119 3364 2573 3433 vorhergehende

229 3439 355 3506 „die
374 3437 853 3505 Entsoheidung“.
893 3434 1030 3489 Zum
1044 3433 1351 3489 Gedanken
1455 3439 1506 3489 te
1541 3406 1606 3490 in
1638 3438 1881 3491 consiliis
1908 3443 2002 3493 etc.
2042 3436 2264 3491 euthalt
2289 3437 2412 3491 eine
2440 3434 2572 3488 Ein-

225 3509 337 3578 vgl.
385 3509 430 3561 I.
487 3514 535 3561 3.
578 3512 632 3561 62
688 3508 862 3562 brevis
897 3509 1222 3574 exspectatio
1258 3512 1347 3561 est.
1455 3511 1749 3576 raumung,
1769 3507 1844 3561 ist
1864 3508 1997 3563 aber
2017 3507 2146 3562 dem
2167 3508 2399 3562 zweiten
2419 3506 2571 3561 Satz-

300 3579 484 3633 Emer.
525 3578 590 3633 X.
632 3581 775 3647 (697.
805 3583 891 3633 57.
919 3577 1165 3647 Januar.)
1239 3577 1351 3631 Der
1457 3577 1594 3631 teile
1651 3578 1999 3634 koordiniert
2053 3585 2150 3649 (vg
2150 3581 2187 3634 l.
2243 3580 2284 3632 I.
2345 3583 2426 3635 15.
2478 3582 2573 3647 2.,)

231 3651 403 3706 Senat
467 3651 627 3704 hatte
692 3649 811 3703 sich
877 3648 969 3701 fiir
1023 3647 1114 3702 die
1169 3649 1349 3701 Rfick-
1458 3648 1701 3703 welcher
1752 3651 1854 3704 den
1904 3652 2094 3705 Inhalt
2139 3652 2234 3705 des
2283 3654 2468 3705 ersten
2512 3649 2573 3702 in

227 3723 506 3789 berufung
580 3718 801 3774 Ciceros
887 3720 1349 3789 ausgesprochen‚
1459 3719 1567 3772 den
1604 3719 1836 3775 Worten
1874 3724 1972 3792 qui
1999 3723 2250 3791 primis.
2328 3722 2573 3787 .fuisses

226 3793 358 3847 aber
406 3807 469 3844 es
521 3790 696 3845 fehlte
742 3791 889 3846 noch
926 3790 1024 3844 der
1060 3789 1350 3844 Beschlufs
1458 3788 1808 3847 wiederholt.
1875 3794 2033 3847 Auch
2069 3793 2128 3847 in
2164 3763 2392 3846 fri‘ihern
2420 3791 2570 3845 Brie-

228 3862 325 3918 des
375 3861 591 3917 Volkes
638 3861 755 3916 und
809 3861 997 3915 diesen
1063 3862 1180 3930 (leq.
1232 3862 1351 3929 lat.)
1456 3858 1553 3915 fen
1607 3862 1815 3916 mufste
1858 3863 2078 3918 Atticus
2124 3864 2384 3918 ahnliche
2430 3862 2573 3916 Vor-

232 3934 424 3989 wollte
453 3934 648 3988 Cicero
677 3932 985 3997 abwartem
1025 3932 1189 3986 sollte
1228 3930 1347 3986 der·
1458 3932 1633 3985 wfirfe
1671 3935 1860 3989 boren.
1933 3937 2048 3989 Att.
2090 3934 2180 3989 III.
2224 3940 2305 3988 15.
2348 3940 2404 3988 7.
2442 3948 2569 4002 quo-

235 4006 386 4060 selbe
429 4003 495 4128 Sd
501 4005 639 4058 urch
687 4003 911 4057 Clodius
958 4003 1065 4056 mit
1108 4000 1349 4071 Gewalt)
1456 4003 1612 4057 niam
1657 4006 1799 4058 nihil
1843 3998 2133 4074 impertisti
2168 4012 2294 4061 tuae
2325 4007 2572 4075 pruden-

229 4077 425 4130 verhin
469 4076 559 4129 ert
616 4076 843 4133 werden
924 4075 974 4128 si
1037 4074 1220 4141 obtrq)
1287 4090 1348 4128 so
1456 4074 1568 4128 tiae
1595 4076 1670 4129 ad
1694 4077 1924 4130 salutem
1948 4093 2135 4132 meam.
2209 4078 2345 4131 Hier
2371 4077 2448 4130 ist
2475 4077 2574 4130 der

229 4146 419 4202 wollte
478 4162 539 4201 er
602 4146 702 4199 auf
753 4146 862 4199 den
963 4143 1205 4199 eschluss
1251 4144 1349 4199 des
1456 4144 1724 4199 Vorwurf
1764 4147 2193 4215 abgeschwacht
2238 4147 2416 4202 durch
2464 4148 2573 4201 den

231 4216 462 4272 Senates
498 4215 601 4270 hin
638 4216 1071 4271 zurfickkehren.
1460 4215 1661 4270 Zusatz
1689 4234 1770 4272 me
1797 4219 1959 4272 etiam
1986 4223 2079 4273 etc.
2111 4250 2177 4259 —-
2206 4225 2270 4274 ‘ut
2295 4236 2414 4275 vere
2438 4235 2541 4274 ser.

298 4290 476 4344 Emer.
526 4287 618 4341 XI.
671 4289 814 4357 (697.
863 4289 969 4356 57.)
1051 4286 1163 4340 Der
1198 4286 1357 4340 Brief
1459 4288 1860 4357 „oeufrichti9“;
1897 4306 2011 4343 was
2039 4289 2116 4343 ist
2143 4307 2273 4345 vera
2300 4291 2552 4345 seribere.

228 4357 304 4414 ist
338 4359 504 4415 Mitte
533 4358 864 4428 September
904 4362 970 4411 57
1000 4356 1059 4411 ιιι
1087 4358 1230 4411 Rom
1259 4374 1351 4428 ge·
1457 4357 1573 4427 vgl.
1610 4357 1678 4413 H.
1717 4365 1802 4414 26.
1842 4364 1891 4426 5,
1929 4358 2021 4415 III.
2064 4365 2144 4414 10.
2184 4367 2234 4429 2,
2274 4361 2364 4417 IV.
2395 4365 2490 4415 22.
2519 4365 2570 4413 4.
