3000 4917
1028 259 1090 312 T.
1129 257 1550 313 POMPONIUS
1589 257 1917 314 ATTIOUS.
2518 255 2641 319 lOl

298 422 625 505 statuisse,
671 421 743 485 in
788 424 1015 485 senatu
1063 421 1139 485 de
1185 422 1331 508 lege
1377 424 1760 486 statuturos.
1843 418 1971 484 Suo
2020 420 2288 505 quisque
2326 425 2467 485 tum
2502 422 2644 485 loco

302 511 694 576 sententiam
733 513 1005 595 rogatus
1044 510 1251 575 multa
1281 511 1631 575 secundum
1661 532 1921 575 causam
1951 514 2241 574 nostram
2271 508 2646 593 disputavit.

298 597 462 665 Cum
512 599 593 663 ad
641 597 938 664 Clodium
985 604 1251 663 ventum
1288 602 1407 683 est,
1455 600 1657 683 cupiit
1694 599 1863 664 diem
1902 620 2297 681 consumere,
2341 619 2548 682 neque
2587 599 2646 661 ei

296 688 445 752 finis
495 692 595 752 est
639 688 870 770 factuS,
924 688 1035 752 sed
1082 692 1318 771 tamen,
1365 709 1511 753 cum
1557 688 1754 753 horas
1801 692 1936 752 tres
1981 686 2116 751 fere
2163 687 2450 765 dixisset,
2497 687 2646 751 odio

299 781 364 842 et
408 776 685 860 strepitu
733 779 998 840 senatus
1039 781 1299 841 coactus
1340 781 1440 841 est
1476 777 1822 861 aliquando
1861 797 2180 860 perorare.
2263 774 2426 841 Cum
2464 776 2648 840 fieret

298 870 563 931 senatus
622 866 987 930 consultum
1045 865 1113 930 in
1170 866 1557 930 sententiam
1604 865 1993 949 Marcellini,
2050 864 2347 929 omnibus
2393 868 2648 948 praeter

298 977 500 1020 unum
567 954 1097 1037 assentientibus,
1174 953 1487 1019 Serranus
1546 955 1929 1019 intercessit.
2029 952 2126 1018 De
2180 954 2647 1018 intercessione

297 1044 522 1109 statim
571 1044 762 1108 ambo
811 1043 1108 1108 consules
1155 1044 1394 1108 referre
1440 1048 1807 1128 coeperunt
1895 1040 2058 1107 Cum
2106 1043 2464 1106 sententiae
2502 1063 2645 1127 gra-

294 1133 599 1198 vissimae
674 1132 1063 1197 dicerentur:
1144 1133 1400 1196 senatui
1474 1134 1728 1215 placere
1802 1131 1963 1195 mihi
2036 1131 2298 1196 domum
2370 1131 2647 1215 restitui,

294 1222 619 1308 porticum
704 1219 922 1286 Catuli
1003 1221 1233 1297 locari,
1317 1221 1773 1286 auctoritatem
1857 1220 2099 1285 ordinis
2183 1221 2264 1285 ab
2349 1221 2647 1285 omnibus

298 1310 791 1395 magistratibus
883 1308 1168 1393 defendi,
1259 1311 1315 1374 si
1406 1331 1535 1394 qua
1624 1310 1723 1375 vis
1808 1313 1980 1373 esset
2058 1309 2263 1393 facta,
2352 1313 2647 1375 senatum

300 1400 826 1464 existimaturum
891 1399 1026 1462 eius
1089 1420 1285 1482 opera
1338 1399 1583 1464 factum
1639 1420 1806 1482 esse,
1871 1399 1983 1483 qui
2039 1402 2298 1463 senatus
2354 1398 2645 1463 consulto

299 1489 803 1570 intercessisset,
887 1484 1200 1551 Serranus
1283 1488 1620 1573 pertimuit
1702 1492 1768 1551 et
1841 1484 2225 1552 Cornicinus
2310 1486 2391 1551 ad
2462 1508 2645 1551 suam

300 1580 585 1642 veterem
658 1576 949 1640 fabulam
1020 1576 1238 1641 rediit:
1312 1577 1567 1641 abiecta
1637 1580 1797 1662 toga
1871 1598 1939 1641 se
2013 1576 2093 1641 ad
2168 1576 2388 1662 generi
2450 1575 2644 1658 pedes

300 1666 557 1731 abiecit.
649 1664 767 1729 Ille
823 1669 1081 1729 noctem
1140 1666 1262 1729 sibi
1319 1666 1706 1750 postulavit3
1759 1687 1887 1729 non
1943 1665 2401 1748 concedebant3
2457 1663 2647 1728 remi-

299 1755 719 1820 niscebantur
766 1754 938 1817 enim
976 1752 1119 1818 Kal.
1158 1753 1411 1819 Ianuar.
1494 1754 1623 1820 Vix
1669 1754 1929 1818 tandem
1975 1754 2072 1817 illi
2119 1754 2195 1817 de
2241 1775 2383 1817 mea
2420 1755 2646 1817 volun-

294 1847 432 1908 tate
480 1864 858 1909 concessum
907 1846 1022 1907 est.

470 1931 796 1997 Postridie
858 1934 1121 1996 senatus
1177 1932 1547 1996 consultum
1601 1932 1848 1997 factum
1905 1935 2005 1996 est
2056 1931 2150 2012 id,
2215 1931 2386 2015 quod
2442 1930 2523 1993 ad
2578 1934 2644 1994 te
2666 1924 2707 1989 5

295 2021 462 2086 misi.
544 2019 792 2084 Deinde
839 2020 1136 2085 consules
1184 2022 1506 2106 porticum
1544 2018 1764 2085 Catuli
1809 2016 2274 2085 restituendam
2321 2020 2646 2103 locarunt3

293 2111 477 2175 illam
532 2109 855 2193 porticum
912 2108 1349 2193 redemptores
1398 2111 1623 2174 statim
1671 2115 1823 2174 sunt
1869 2110 2156 2174 demoliti
2200 2108 2645 2173 libentissimis

296 2198 616 2264 omnibus.
710 2195 921 2262 Nobis
970 2199 1376 2281 superficiem
1423 2200 1680 2263 aedium
1727 2200 2028 2264 consules
2076 2199 2153 2262 de
2200 2197 2456 2263 consilii
2505 2219 2644 2262 sen-

295 2288 504 2352 tentia
550 2287 979 2351 aestimarunt
1022 2285 1152 2352 HS.
1198 2288 1464 2371 viciens3
1514 2292 1726 2352 cetera
1771 2288 1959 2352 valde
2004 2287 2439 2353 illiberaliter:
2486 2285 2643 2350 Tus·

299 2378 597 2441 culanam
656 2375 879 2439 villam
935 2377 1307 2460 quingentis
1365 2377 1658 2459 milibus,
1713 2376 2130 2441 Formianum
2177 2372 2304 2440 HS.
2353 2375 2646 2438 ducentis

299 2465 776 2551 quinquaginta
831 2464 1125 2547 milibus3
1181 2487 1345 2549 quae
1403 2466 1770 2530 aestimatio
1817 2487 1951 2529 non
1994 2465 2187 2529 modo
2231 2462 2649 2529 vehementer

297 2555 379 2619 ab
436 2554 685 2639 optimo
744 2575 1027 2637 quoque,
1084 2554 1197 2618 sed
1253 2554 1449 2619 etiam
1507 2577 1547 2618 a
1602 2554 1790 2637 plebe
1835 2552 2340 2638 reprehenditur.
2429 2551 2648 2633 Dices,

297 2644 453 2728 quid
507 2643 710 2727 igitur
758 2663 990 2707 causae
1035 2642 1206 2706 fuit‘?
1297 2640 1544 2707 Dicunt
1586 2642 1687 2706 illi
1734 2642 2012 2726 quidem,
2056 2641 2368 2725 pudorem
2415 2662 2648 2723 meum,

301 2733 471 2817 quod
517 2752 724 2816 neque
769 2732 1061 2815 negarim
1107 2753 1313 2815 neque
1361 2731 1806 2796 vehementius
1853 2729 2261 2814 postularim.
2344 2727 2469 2793 Sed
2513 2751 2647 2793 non

299 2825 399 2886 est
452 2820 546 2905 id3
602 2841 756 2883 nam
811 2820 933 2885 hoc
990 2820 1244 2903 quidem
1292 2820 1487 2885 etiam
1535 2819 1900 2904 profuisset.
1991 2818 2236 2884 Verum
2281 2818 2503 2896 iidem,
2560 2818 2649 2881 mi

299 2910 370 2973 Τ.
417 2908 767 2993 Pomponi,
823 2908 1049 2992 iidem,
1092 2908 1389 2993 inquam,
1435 2908 1561 2992 illi,
1608 2930 1768 2994 quos
1813 2931 1894 2972 ne
1941 2913 2014 2973 tu
2063 2907 2321 2993 quidem
2368 2907 2648 2992 ignoras,

298 2999 408 3082 qui
464 2997 629 3062 mihi
684 2999 916 3081 pinnas
972 2998 1359 3081 inciderant,
1425 2998 1661 3062 nolunt
1718 2998 1974 3062 easdem
2029 2998 2307 3080 renasci;
2373 2997 2512 3080 sed,
2578 3003 2651 3060 ut

301 3227 534 3282 weihen.
594 3256 661 3265 -
721 3242 819 3280 suo
883 3226 1020 3293 loco]
1093 3226 1199 3279 wie
1259 3225 1420 3294 Jeder
1526 3225 1801 3279 Komodie
1848 3226 2085 3292 (fabula)
2139 3225 2485 3295 aufgeffihrt,
2531 3224 2645 3278 und

301 3299 399 3353 der
445 3296 718 3366 Ordnung
766 3297 913 3351 nach
964 3313 1089 3349 zum
1138 3296 1420 3364 Sprechen
1529 3296 1627 3350 der
1678 3297 1932 3352 erkaufte
1979 3295 2248 3352 Serranus
2296 3298 2456 3352 hatte
2505 3297 2649 3350 auch

300 3368 689 3439 aufgefordert
731 3368 937 3422 wurde.
993 3397 1061 3408 —
1108 3368 1248 3422 diem
1296 3383 1419 3422 eo‘n·
1529 3368 1745 3422 damals
1837 3367 1961 3422 eine
2042 3368 2230 3421 Nacht
2309 3367 2650 3422 Bedenkzeit

300 3438 532 3509 sumere]
557 3455 629 3492 sc.
652 3437 905 3493 dicendo.
944 3439 1033 3492 Da
1050 3438 1157 3493 mit
1176 3437 1419 3493 Sounen-
1529 3441 1755 3507 (noctem
1814 3457 1887 3493 sc.
1937 3439 2008 3494 ad
2055 3438 2501 3509 deliberandum)
2552 3454 2646 3506 ge-

301 3513 623 3579 untergang
639 3509 729 3563 die
741 3509 1047 3579 Sitzungen
1061 3511 1416 3577 geschlossen
1525 3509 1762 3578 foi-dett,
1819 3529 1915 3563 um
1971 3526 2032 3563 so
2082 3510 2192 3564 den
2238 3509 2530 3563 Beschlufs
2580 3526 2648 3563 zu

304 3581 535 3636 werden
586 3579 831 3635 mufsten
852 3622 866 3648 ,
941 3597 1002 3634 so
1059 3581 1255 3635 suchte
1328 3581 1419 3635 die
1527 3582 1945 3635 hintertreiben.
2030 3582 2095 3635 In
2148 3582 2248 3634 der
2295 3581 2485 3635 Nacht
2530 3597 2648 3635 war

303 3652 728 3721 unterliegende
792 3651 982 3705 Partei
1052 3652 1245 3720 haufig
1326 3650 1429 3706 auf
1529 3652 1645 3705 ihm
1694 3652 1794 3706 der
1827 3651 1986 3705 Lohn
2034 3653 2368 3721 verdoppelt
2403 3652 2646 3707 worden.

302 3724 455 3778 diese
476 3723 668 3776 Weise
696 3721 858 3777 einen
885 3721 1176 3776 Beschlufs
1205 3740 1271 3776 zu
1299 3738 1422 3776 ver·
1529 3739 1632 3792 pro
1672 3722 1811 3777 Sest.
1853 3729 1937 3776 34.
1978 3729 2062 3777 74.

303 3795 556 3849 hindern.
587 3824 653 3833 —
682 3795 733 3848 si
767 3811 878 3862 qua
904 3795 988 3848 vis
1049 3810 1214 3847 wenn
1242 3810 1300 3846 es
1329 3793 1422 3848 bei
1602 3798 1650 3848 5.
1670 3811 1777 3848 sen.
1799 3796 2049 3861 consult]
2084 3796 2153 3849 de
2173 3795 2291 3849 har.
2311 3810 2453 3862 resp.
2480 3799 2529 3849 7.
2554 3800 2645 3848 13:

303 3865 401 3920 der
426 3865 795 3933 Ausffihrung
831 3865 930 3918 des
1009 3864 1319 3918 eschlusses
1357 3881 1424 3917 zu
1521 3870 1742 3933 postero
1786 3868 1875 3920 die
1927 3871 2151 3920 senatus
2188 3907 2201 3920 .
2243 3908 2256 3921 .
2293 3866 2488 3919 statuit
2526 3905 2538 3917 .
2580 3907 2591 3919 .
2631 3907 2644 3920 .

303 3936 776 4007 gewaltthatigen
828 3933 1203 4004 Handlungen
1264 3934 1422 3989 kom-
1531 3937 1748 3992 domm
1782 3953 1955 3990 meam
1981 3938 2190 3992 iudicio
2216 3937 2538 4004 pontificum
2563 3953 2644 3991 re-

303 4024 429 4062 men
464 4007 673 4062 wsirde.
704 4036 771 4046 —
804 4006 1152 4076 Cornicinus]
1187 4005 1281 4060 Cn.
1314 4004 1421 4074 Op·
1531 4008 1731 4075 liyio‘ne
1786 4009 2070 4062 liberatam
2126 4008 2318 4062 videri.
2372 4038 2439 4047 —
2491 4008 2646 4062 illam

301 4079 425 4148 pius
455 4075 799 4144 Cornicinus,
829 4076 929 4131 der
949 4076 1424 4145 Schwiegervater
1524 4078 1822 4147 porticum]
1888 4077 1979 4132 die
2026 4077 2250 4132 Clodius
2304 4078 2645 4148 aufgefiihrt,

305 4151 399 4204 des
434 4148 881 4203 Volkstribunen
923 4147 1216 4214 Serranus,
1264 4149 1422 4202 hatte
1531 4148 1645 4201 und
1702 4150 1791 4202 die
1838 4153 1955 4203 erst
1999 4152 2382 4219 weggeraumt
2425 4150 2646 4204 werden

304 4219 508 4276 bereits
562 4217 772 4274 einmal
818 4235 909 4272 am
959 4225 1003 4273 1.
1052 4219 1292 4285 Januar,
1338 4220 1422 4274 als
1531 4219 1760 4285 mul'ste,
1825 4220 1927 4273 ehe
1987 4221 2078 4274 die
2135 4220 2494 4275 Saulenhalle
2550 4222 2648 4275 des

304 4293 442 4346 fiber
475 4290 698 4346 Ciceros
726 4289 1165 4358 Rfickberufung
1192 4290 1422 4345 beraten
1531 4288 1761 4344 Catulus
1797 4290 2129 4360 hergestellt
2164 4292 2387 4345 werden
2414 4291 2640 4346 konnte.

306 4362 519 4432 warde,
579 4361 696 4415 und
753 4360 1020 4415 Serranus
1078 4361 1161 4414 als
1217 4361 1421 4415 Volks-
1531 4391 1600 4400 —
1663 4362 1902 4431 aedium]
1968 4363 2139 4431 genit.
2211 4362 2420 4417 definit.
2479 4393 2545 4402 ——-
2584 4362 2648 4414 de

305 4434 494 4487 tribun
546 4432 857 4502 Einspruch
911 4431 1112 4500 erhob,
1178 4431 1420 4486 dieselbe
1531 4435 1746 4487 consilii
1791 4434 2081 4504 sententia]
2138 4435 2188 4488 d.
2236 4433 2273 4489 i.
2329 4434 2475 4486 nach
2520 4433 2645 4485 dem
