3000 4917
933 239 997 291 L.
1037 235 1416 292 MUNATIUS
1451 234 1797 292 PLANOUS.
2408 234 2540 300 233

195 401 482 467 civitatis
519 399 845 483 polliceor,
887 401 955 464 in
993 400 1229 465 damno
1269 421 1449 483 meae
1487 399 1698 465 laudis
1735 402 1827 465 rei
1865 400 2165 483 publicae
2203 398 2540 463 commodo

195 490 523 571 laetabor3
596 489 697 552 sin
768 489 847 552 ad
914 490 1287 554 societatem
1347 490 1916 573 integerrimorum
1983 493 2049 552 et
2114 488 2543 552 maximorum

197 579 639 665 periculorum
704 577 1029 661 accedam,
1095 578 1366 643 consilia
1429 600 1575 642 mea
1638 578 1859 662 aequis
1914 577 2233 642 iudicibus
2292 577 2372 640 ab
2430 577 2541 640 ob-

198 667 591 731 trectatione
654 665 1018 731 invidorum
1085 666 1482 731 defendenda
1547 667 1942 732 commendo,
2050 664 2220 730 Mihi
2285 665 2546 750 quidem

197 756 331 840 ipsi
383 755 628 819 fructus
687 756 1061 819 meritorum
1117 777 1409 820 meorum
1462 756 1535 819 in
1589 757 1685 819 rei
1743 755 2039 839 publicae
2104 753 2544 819 incolumitate

202 845 362 909 satis
420 864 693 927 magnus
751 847 851 908 est
905 848 1200 928 paratus;
1258 866 1366 909 eos
1424 866 1597 921 vero,
1656 845 1768 929 qui
1824 865 2032 908 meam
2091 843 2545 907 auctoritatem

203 937 271 998 et
318 933 523 997 multo
572 933 781 1016 magis
829 937 1113 997 vestram
1159 932 1348 997 fidem
1395 932 1600 998 secuti
1647 954 1768 997 nec
1812 932 1947 997 ulla
2004 954 2116 1015 spe
2173 930 2381 1013 decipi
2427 952 2542 994 nec

204 1023 342 1089 ullo
391 1025 566 1085 metu
611 1022 842 1085 terreri
891 1025 1267 1106 potuerunt,
1321 1025 1396 1086 ut
1449 1022 1938 1087 commendatos
1993 1020 2178 1085 vobis
2234 1019 2548 1101 habeatiS,

205 1110 559 1196 petendum
604 1108 875 1174 videtur.

1093 1286 1448 1352 EPJSTULA
1490 1286 1667 1352 XVI.

1130 1408 1238 1477 (Ad
1275 1408 1407 1462 fam.
1445 1407 1512 1461 X.
1557 1411 1628 1476 7.)

954 1530 1339 1586 PLANCUS
1388 1531 1810 1587 CICERONI.

389 1658 585 1722 Plura
613 1659 735 1722 tibi
765 1659 841 1722 de
875 1660 1034 1724 meis
1072 1660 1361 1724 consiliis
1402 1660 1748 1724 scriberem
1785 1660 2228 1741 rationemque
2268 1657 2553 1721 omnium
2578 1658 2613 1720 1

209 1771 424 1813 rerum
471 1748 800 1812 redderem
845 1749 1207 1832 verbosiuS,
1254 1770 1380 1832 quo
1429 1749 1641 1832 magis
1690 1748 2005 1812 iudicares
2054 1746 2270 1811 omnia
2315 1768 2416 1808 me
2462 1746 2555 1810 rei

210 1837 531 1921 publicae,
565 1836 999 1919 praestitisse,
1058 1858 1220 1921 quae
1266 1844 1333 1902 et
1378 1839 1493 1900 tua
1538 1838 1988 1901 exhortatione
2035 1833 2257 1916 excepi
2303 1838 2367 1897 et
2414 1856 2557 1898 mea

212 1925 663 1990 adfirmatione
709 1925 833 1988 tibi
870 1927 1082 2009 recepi
1121 1961 1198 1972 -—
1240 1948 1373 1990 non
1412 1927 1626 1989 minus
1666 1926 1838 1989 enim
1876 1947 1915 1989 a
1951 1929 2016 1988 te
2057 1924 2322 2008 probari
2360 1945 2554 2007 quam

211 2014 400 2098 diligi
461 2035 714 2098 semper
774 2014 975 2094 volui,
1029 2036 1148 2078 nec
1203 2019 1268 2079 te
1330 2016 1537 2098 magis
1591 2015 1661 2078 in
1716 2015 1904 2097 culpa
1948 2013 2347 2078 defensorem
2394 2012 2557 2076 mihi

210 2104 457 2188 paravi,
504 2125 698 2188 quam
736 2103 1251 2187 praedicatorem
1290 2105 1669 2168 meritorum
1715 2124 2007 2167 meorum
2054 2123 2195 2165 esse
2240 2102 2416 2165 volui
2443 2124 2555 2184 ——3

212 2194 327 2258 sed
373 2193 735 2256 breviorem
785 2213 886 2255 me
931 2192 1094 2255 duae
1137 2214 1241 2256 res
1279 2193 1554 2257 faciunt:
1603 2215 1747 2272 una,
1794 2192 1965 2276 quod
2004 2191 2279 2274 publicis
2319 2189 2556 2254 litteris

214 2282 435 2346 omnia
490 2302 636 2344 sum
691 2288 1092 2364 persecutuS,
1147 2283 1376 2364 altera,
1432 2281 1603 2365 quod
1658 2281 1743 2344 M.
1793 2280 2216 2356 Varisidium,
2278 2280 2557 2362 equitem

212 2370 610 2452 Romanum,
664 2369 1051 2433 familiarem
1105 2391 1348 2451 meum,
1402 2371 1616 2453 ipsum
1677 2370 1759 2433 ad
1805 2374 1870 2433 te
1915 2368 2190 2433 transire
2237 2368 2422 2448 iussi,
2481 2388 2558 2430 ex

213 2482 344 2543 quo
407 2458 628 2523 omnia
685 2478 1074 2542 cognoscere
1139 2479 1379 2541 posses
1482 2457 1633 2523 Non
1701 2458 1945 2522 medius
2006 2457 2196 2521 fidius
2252 2456 2620 2520 mediocri2

214 2550 436 2613 dolore
482 2546 848 2628 adficiebar,
895 2569 1040 2610 cum
1089 2547 1200 2611 alii
1246 2569 1560 2631 occupare
1606 2536 2084 2632 possessionem
2131 2546 2336 2608 laudis
2384 2544 2558 2609 vide-

216 2642 466 2719 rentur,
521 2636 632 2699 sed
686 2657 888 2719 usque
950 2635 1110 2700 mihi
1165 2638 1551 2718 temperavi,
1606 2637 1757 2699 dum
1811 2634 2227 2720 perducerem
2284 2655 2358 2696 eo
2404 2655 2560 2715 rem,

218 2729 295 2788 ut
346 2725 615 2809 dignum
673 2723 913 2809 aliquid
969 2729 1033 2788 et
1090 2725 1424 2790 consulatu
1480 2747 1625 2789 meo
1685 2728 1750 2788 et
1805 2727 2023 2788 vestra
2084 2722 2559 2804 exspectatione

217 2814 564 2894 efficerem3
622 2813 789 2896 quod
847 2835 1064 2895 spem,
1121 2815 1176 2877 si
1233 2836 1335 2876 me
1385 2813 1653 2877 fortuna
1698 2835 1829 2877 non
1873 2812 2204 2890 fefellerit,
2261 2833 2363 2873 me
2410 2831 2561 2873 con·

218 2906 617 2986 secuturum,
678 2907 751 2965 ut
808 2902 1089 2966 maximo
1144 2903 1461 2985 praesidio
1528 2902 1624 2965 rei
1687 2902 1981 2984 publicae
2046 2921 2164 2962 nos
2230 2899 2430 2963 fuisse
2497 2902 2563 2964 et

215 3013 394 3056 nunc
443 2991 730 3055 sentiant
773 2989 1066 3054 homines
1115 2996 1180 3054 et
1217 2992 1282 3055 in
1323 2995 1654 3073 posterum
1696 2989 2004 3053 memoria
2042 2991 2323 3052 teneant.
2396 2983 2459 3051 A
2497 2992 2560 3052 te

216 3201 410 3256 indem
428 3200 521 3254 ich
541 3199 661 3253 dies
681 3199 1030 3269 verspreche,
1056 3200 1364 3261 vielleicht,
1447 3205 1496 3254 1.
1536 3206 1585 3254 2.
1625 3219 1677 3254 u.
1716 3202 1889 3252 unten
1925 3197 2014 3251 Βι·.
2049 3203 2130 3251 18.
2174 3205 2201 3251 1
2243 3198 2346 3251 mit
2382 3197 2565 3252 eine-m

218 3273 394 3327 schon
432 3269 707 3325 Antonius
758 3271 977 3339 besiegt
1014 3271 1132 3324 sein
1171 3270 1336 3325 sollte
1445 3270 1618 3326 Dativ
1664 3271 1764 3324 der
1801 3270 2025 3323 Person.
2063 3300 2133 3308 —
2171 3269 2361 3339 culpa]
2402 3286 2563 3323 wenn

217 3345 334 3398 und
382 3342 481 3396 der
526 3340 687 3396 Staat
730 3341 942 3396 meiner
983 3340 1133 3395 Hilfe
1178 3342 1338 3395 nicht
1443 3340 1540 3396 ich
1594 3341 1833 3410 gefehlt,
1899 3357 2059 3394 wenn
2113 3339 2220 3393 mir
2279 3338 2564 3393 Vorwfirfe

218 3415 383 3468 mehr
410 3413 619 3467 bedarf.
644 3444 709 3453 —
729 3414 794 3467 in
820 3430 933 3468 meo
951 3413 1175 3483 damno]
1197 3412 1338 3467 fiber
1445 3414 1712 3481 gemacht
1748 3411 1996 3477 werden3
2035 3429 2077 3464 s.
2108 3410 2158 3462 d.
2190 3427 2304 3465 vor.
2335 3410 2424 3464 Βι·.
2454 3415 2484 3475 ξ
2519 3419 2563 3464 1.

220 3488 288 3538 im
325 3503 367 3538 s.
403 3483 496 3539 111.
535 3491 619 3538 22.
650 3489 700 3538 2.
741 3515 808 3523 -
843 3484 1334 3555 imteqerrimorum]
1445 3515 1515 3524 —
1543 3485 1788 3555 publicis
1817 3482 2036 3552 litteris]
2076 3480 2337 3535 Gemeint
2363 3482 2438 3535 ist
2467 3482 2566 3536 das

223 3556 279 3609 d.
327 3556 363 3609 i.
412 3556 499 3609 die
553 3571 730 3624 ganze
776 3553 1012 3620 Gefahr‚
1070 3573 1177 3610 von
1238 3555 1337 3609 der

221 3626 373 3681 noch
409 3628 590 3680 nichts
629 3641 963 3694 genommen
992 3628 1081 3680 ist.
1142 3627 1267 3695 Vgl.
1298 3646 1341 3680 z.

222 3699 289 3752 H.
334 3704 418 3753 21.
461 3703 508 3752 1.
582 3687 858 3766 Ubrigens
897 3698 974 3753 ist
1010 3699 1215 3767 inteyer
1251 3697 1344 3751 ein

217 3769 658 3838 Lieblingswort
706 3770 803 3822 des
849 3767 1109 3834 Plancus3
1167 3784 1209 3824 s,
1247 3770 1336 3826 Br.

216 3849 309 3900 20.
347 3847 398 3894 2.
437 3870 507 3880 -
543 3841 651 3908 eos]
690 3841 840 3893 seine
879 3839 1164 3895 Soldaten.

290 3912 473 3966 Emer.
538 3911 685 3965 XVI.
742 3911 883 3979 (711.
939 3911 1047 3979 43.)
1137 3910 1190 3964 S.
1248 3909 1340 3965 die

220 3983 452 4038 Vorbm.
517 4000 583 4035 zu
657 3984 784 4035 dem
857 3999 971 4036 vor.
1036 3981 1126 4035 Βι·.
1226 3982 1339 4035 Der

221 4054 381 4109 Brief
421 4053 642 4108 scheint
676 4053 767 4107 die
804 4053 1065 4107 Antwort
1100 4053 1200 4106 auf
1232 4053 1341 4107 den

224 4133 307 4181 13.
337 4124 498 4179 Brief
527 4143 594 4177 zu
631 4123 767 4189 sein,
804 4123 911 4178 den
954 4129 1034 4179 14.
1064 4125 1222 4177 hatte
1257 4122 1337 4178 Pl.

219 4198 369 4252 noch
407 4197 567 4250 nicht
604 4195 871 4249 erhalten.

299 4274 345 4324 1.
385 4266 596 4337 excepi]
642 4267 886 4335 excipere
931 4291 999 4310 =
1043 4266 1340 4333 suscipere,-

222 4340 380 4396 Brut.
418 4343 513 4392 69:
563 4338 771 4392 labores
814 4352 1041 4406 magnos
1081 4338 1339 4404 excipere.

223 4411 490 4480 Recipere
525 4435 595 4454 ===
623 4409 905 4477 polliceri;
953 4408 1075 4461 hier
1119 4407 1225 4461 wie
1270 4406 1338 4462 H.

1444 3554 1906 3624 vorhergehende
1964 3552 2266 3607 Schreiben
2328 3569 2402 3606 an
2457 3554 2565 3606 den

1452 3627 1639 3680 Senat.
1674 3656 1737 3665 —
1769 3625 1851 3680 M.
1899 3624 2235 3694 Varisidius]
2279 3624 2435 3678 sonst
2469 3641 2566 3677 un·

1449 3696 1714 3751 bekannt.

1521 3774 1571 3821 2.
1627 3768 1732 3821 alii
1789 3765 2078 3835 occupare]
2135 3764 2316 3818 denen
2372 3766 2565 3819 ehren-

1446 3837 1595 3893 volle
1635 3838 1825 3891 Reden
1870 3837 1949 3889 im
1988 3837 2190 3890 Senate
2236 3836 2348 3890 und
2395 3837 2560 3891 ande-

1444 3927 1535 3964 res
1583 3927 1649 3962 zu
1694 3908 1796 3962 teil
1844 3906 2094 3972 wurden3
2146 3924 2186 3961 s.
2227 3908 2278 3961 d.
2316 3924 2430 3961 vor.
2470 3908 2559 3960 Βι·.

1446 3986 1477 4046 ξ
1515 3988 1546 4035 2
1584 3980 1709 4033 Anf.
1776 3979 1884 4032 Zur
1921 3976 2099 4032 Sache
2135 3976 2248 4046 vgl.
2288 3979 2429 4031 auch
2460 3978 2560 4047 Ep.

1446 4051 1540 4105 IV.
1581 4057 1612 4104 2
1651 4071 1703 4105 u.
1743 4056 1801 4116 3,
1840 4050 1899 4103 in
1936 4050 2187 4103 welchen
2225 4048 2415 4103 Cicero
2453 4066 2563 4103 von

1448 4122 1578 4176 dem
1614 4121 1767 4176 Lobe
1806 4120 2038 4189 spricht,
2077 4120 2317 4173 welches
2355 4118 2562 4176 Brutus

1446 4193 1525 4248 im
1548 4193 1749 4248 Senate
1776 4190 1892 4245 und
1920 4207 2027 4245 von
2047 4190 2147 4243 der
2167 4189 2564 4259 Burgerschaft

1447 4266 1756 4333 gespendet
1780 4263 1984 4316 wurde.
2006 4291 2073 4301 ——
2094 4262 2228 4314 mihi
2244 4263 2561 4334 temperavi]

1448 4337 1500 4390 d.
1552 4338 1588 4390 i.
1643 4336 1734 4389 ich
1790 4334 1936 4387 habe
1992 4332 2137 4386 noch
2192 4333 2375 4386 nichts
2431 4349 2562 4388 vom

1450 4406 1652 4461 Senate
1728 4405 2002 4474 verlangt.
2070 4435 2135 4444 —-
2200 4420 2300 4460 nos
2368 4406 2560 4474 fuisse]

2270 4696 2331 4725 OF
2358 4698 2461 4725 ΤΓῬ

2006 4718 2583 4889 (χσΝΝΕΒῑ-εῖυ.

2302 4844 2447 4853 -——-u-—

2302 4865 2445 4873 ..κο-ι-..

2852 4808 2950 4890 Δ
