3000 4917
452 240 582 303 174
1220 240 1354 298 LIB.
1390 241 1486 300 ΠΙ.
1524 240 1748 298 EPIST.
1803 247 2028 297 21-23,

447 403 727 490 inquies,
782 404 937 489 ‘ego
994 405 1165 469 enim
1221 406 1360 488 ipse
1416 407 1705 469 tenerem
1762 426 1920 488 opes
1975 408 2042 469 et
2096 404 2479 490 dignitatem
2537 407 2782 472 meam?

447 490 538 557 At
578 496 719 557 erat
753 497 903 558 tuae
941 494 1201 560 virtutis
1239 495 1310 558 in
1347 493 1638 558 minimis
1676 496 1823 558 tuas
1860 515 1963 558 res
2002 515 2260 580 ponere,
2307 495 2383 560 de
2420 517 2491 560 re
2530 497 2785 581 publica

447 582 890 647 vehementius
938 582 1249 647 laborare.

623 669 889 756 Deinde,
937 672 1048 756 qui
1091 672 1240 736 finis
1287 672 1477 736 istius
1525 670 1782 737 consilii
1819 671 1963 735 est?
2011 694 2163 736 nam
2203 672 2409 737 adhuc
2447 676 2512 738 et
2548 672 2787 739 factum

446 763 628 823 tuum
692 760 1007 844 probatur
1071 763 1161 843 et,
1233 763 1307 824 ut
1369 760 1437 824 in
1500 760 1621 824 tali
1685 781 1783 843 re,
1856 760 2055 824 etiam
2129 760 2395 825 fortuna
2458 762 2788 828 laudatur:

445 848 710 931 factum,
758 849 929 933 quod
977 851 1041 913 et
1078 848 1334 914 initium
1372 848 1530 913 belli
1565 849 1933 913 necessario
1973 854 2230 915 secutus
2269 849 2359 915 sis
2398 853 2465 915 et
2501 855 2787 916 extrema

445 936 773 1020 sapienter
808 938 1105 1022 persequi
1140 937 1452 1020 nolueris3
1490 937 1772 1022 fortuna,
1811 937 1982 1022 quod
2019 937 2292 1004 honesto
2332 940 2468 1004 otio
2504 941 2786 1006 tenueris

447 1030 513 1090 et
559 1029 802 1091 statum
850 1030 916 1091 et
959 1027 1203 1091 famam
1250 1027 1588 1111 dignitatis
1635 1029 1812 1091 tuae:
1858 1048 2030 1092 nunc
2076 1050 2229 1092 vero
2274 1049 2394 1092 nec
2440 1029 2626 1094 locus
2665 1030 2789 1108 vtibi

444 1115 613 1179 ullus
662 1115 911 1179 dulcior
959 1136 1100 1179 esse
1147 1115 1337 1180 debet
1380 1114 1611 1199 patria,
1657 1136 1776 1180 nec
1823 1136 1967 1181 eam
2015 1116 2285 1200 diligere
2323 1118 2542 1182 minus
2582 1118 2788 1202 debes,

444 1203 616 1288 quod
663 1202 1011 1268 deformior
1056 1205 1172 1283 est,
1219 1204 1330 1268 sed
1375 1204 1667 1268 misereri
1713 1204 1934 1287 potius
1980 1226 2097 1269 nec
2145 1227 2287 1270 eam
2334 1206 2563 1271 multis
2603 1207 2788 1272 claris

441 1291 598 1357 viris
646 1292 942 1357 orbatam
988 1292 1242 1375 privare
1290 1292 1487 1357 etiam
1536 1293 1844 1376 adspectu
1889 1295 2022 1357 tuo,

378 1383 423 1446 4
620 1380 934 1465 Denique,
981 1381 1040 1445 si
1084 1381 1212 1446 fuit
1257 1381 1479 1467 magni
1528 1382 1730 1446 animi
1774 1402 1906 1445 non
1953 1403 2093 1447 esse
2142 1382 2496 1467 supplicem
2541 1383 2788 1470 victori,

444 1469 613 1552 vide,
675 1491 756 1534 ne
815 1470 1076 1554 superbi
1133 1470 1219 1534 sit
1277 1470 1611 1552 aspernari
1677 1470 1964 1535 eiusdem
2027 1471 2512 1556 liberalitatem,
2587 1478 2682 1552 et,
2743 1474 2792 1538 si

441 1558 752 1642 sapientis
791 1563 891 1624 est
929 1581 1144 1623 carere
1179 1559 1414 1642 patria,
1450 1559 1595 1623 duri
1621 1580 1756 1624 non
1794 1559 2185 1644 desiderare3
2225 1564 2308 1643 et,
2349 1561 2401 1624 si
2430 1583 2500 1626 re
2527 1563 2793 1647 publica

440 1669 571 1712 non
618 1648 831 1732 possis
877 1647 1025 1732 frui,
1074 1649 1344 1713 stultum
1391 1652 1491 1713 est
1527 1648 1703 1712 nolle
1741 1648 2012 1732 privata.
2088 1647 2303 1733 Caput
2338 1649 2499 1713 illud
2538 1654 2664 1735 est,
2709 1654 2793 1733 ut,

438 1736 498 1799 si
543 1736 671 1800 ista
715 1737 854 1801 vita
899 1737 1025 1801 tibi
1070 1736 1473 1802 commodior
1520 1758 1659 1802 esse
1714 1737 2034 1821 videatur,
2092 1738 2509 1824 cogitandum
2573 1743 2791 1804 tamen

440 1824 554 1904 sit,
608 1847 689 1890 ne
745 1827 948 1890 tutior
1002 1848 1134 1890 non
1190 1826 1301 1890 sit:
1357 1847 1598 1910 magna
1655 1826 2022 1912 gladiorum
2071 1831 2169 1891 est
2215 1827 2505 1909 licentia,
2569 1830 2686 1893 sed
2728 1829 2791 1891 in

440 1915 720 1979 externis
768 1915 926 1980 locis
974 1914 1186 1979 minor
1233 1915 1432 1979 etiam
1480 1915 1562 1979 ad
1608 1915 1859 1980 facinus
1908 1916 2309 1980 verecundia.
2399 1915 2571 1980 Mihi
2621 1919 2788 1983 salus

436 2009 551 2067 tua
596 2007 815 2068 tantae
863 2025 1052 2068 curae
1092 2005 1208 2085 est,
1255 2007 1329 2068 ut
1365 2002 1698 2089 Marcello,
1744 2003 1935 2069 fratri
1981 2009 2115 2088 tuo,
2161 2008 2276 2070 aut
2310 2026 2428 2089 par
2465 2011 2587 2071 aut
2626 2009 2789 2071 certe

436 2093 768 2174 proximus
817 2092 967 2156 sim:
1023 2094 1208 2157 tuum
1258 2094 1359 2157 est
1405 2092 1742 2158 consulere
1788 2094 2196 2177 temporibus
2244 2097 2309 2159 et
2353 2094 2791 2160 incolumitati

436 2182 503 2244 et
549 2180 722 2245 vitae
770 2183 836 2244 et
882 2180 1161 2248 fortunis
1209 2181 1356 2245 tuis.

1301 2429 1661 2495 EPIsTuLA
1705 2428 1913 2493 XXII.
2948 2509 2949 2528 ἶ

1323 2549 1433 2621 (Ad
1469 2551 1604 2605 fam.
1641 2549 1733 2605 IV.
1777 2552 1882 2620 11.)
2948 2535 2949 2614 E

1150 2674 1588 2730 MARCELLUS
1627 2673 1969 2729 CICERONI
2006 2676 2060 2730 s,
2948 2633 2949 2694 ἶ

374 2805 420 2867 1·
606 2801 961 2868 Plurimum
1027 2803 1307 2870 valuisse
1374 2802 1546 2887 apud
1608 2823 1710 2866 me
1771 2806 1951 2867 tuam
2008 2825 2260 2888 semper
2325 2804 2780 2869 auctoritatem

429 2911 575 2954 cum
621 2891 692 2954 in
737 2893 911 2956 omni
956 2913 1026 2956 re
1071 2896 1212 2957 tum
1257 2893 1327 2956 in
1367 2891 1490 2957 hoc
1529 2891 1806 2956 maxime
1843 2893 2111 2977 negotio
2148 2896 2336 2975 potes
2374 2892 2776 2959 existimare:

426 3064 490 3186 ‘gc
541 3063 785 3186 vlvztiqciltlnis
820 3066 1049 3138 ponere]
1097 3082 1189 3120 am
1240 3066 1549 3150 wenigsten

426 3136 745 3285 0&qu2ss
772 3135 1049 3261 32⁶1?ssssss
1068 3138 1341 3263 Ζῖιθξῗὲῗ
1378 3142 1549 3263 Εέἲὲἓ

426 3275 574 3331 hier:
615 3277 713 3331 der
739 3278 1008 3346 Ausgang
1046 3303 1114 3323 =
1154 3279 1368 3333 ‘wohin
1408 3277 1549 3332 w1rd

427 3347 526 3401 der
557 3349 878 3404 Entsehluss
916 3348 1176 3404 fiihren?’
1210 3381 1276 3389 --
1306 3349 1544 3421 factum]

427 3437 468 3474 s,
506 3419 575 3472 11.
614 3424 699 3476 26.
741 3427 788 3476 1.
830 3451 893 3460 -
932 3422 1121 3475 multis
1157 3420 1347 3490 claris]
1386 3419 1548 3475 nicht

424 3495 474 3545 et
527 3491 721 3558 darie,
779 3490 907 3546 weil
953 3494 1136 3546 clarus
1180 3492 1267 3545 vir
1313 3489 1396 3546 als
1441 3492 1543 3545 Be-

424 3561 737 3631 zeichnung
767 3563 919 3618 eines
941 3561 1361 3617 Staatsmannes
1382 3562 1553 3626 einen

423 3631 639 3702 Begriff
687 3633 891 3698 bildet;
950 3649 1008 3687 es
1064 3634 1140 3688 ist
1194 3632 1293 3687 der
1346 3632 1545 3704 (durch

423 3702 577 3759 scine
597 3704 1006 3760 Wirksamkeit
1032 3705 1110 3758 im
1138 3705 1378 3759 Frieden
1405 3704 1544 3760 oder

419 3774 497 3829 im
563 3775 758 3845 Felde)
830 3776 1190 3831 verdiente
1265 3775 1541 3831 Staats·

417 3863 630 3901 mann.
707 3847 965 3918 (Seyffert
1001 3847 1153 3904 Lael.
1190 3847 1259 3903 H.
1300 3852 1369 3917 6).
1421 3850 1539 3904 Att.

417 3916 483 3973 X.
506 3925 554 3973 8.
581 3926 637 3973 7:
665 3920 860 3988 feram,
887 3920 1031 3975 sicut
1055 3920 1219 3974 multi
1245 3919 1542 3975 clarissimi

415 3990 655 4044 homines
690 3991 754 4044 in
789 4007 848 4045 re
875 3991 1032 4059 publ.
1070 3992 1379 4046 excellcmtes
1406 3991 1538 4045 tule-

416 4065 565 4116 runt.
642 4059 771 4130 Vgl.
810 4062 898 4116 ob.
941 4066 1022 4116 15.
1063 4068 1120 4117 ὅτ
1176 4064 1338 4118 multi
1392 4063 1540 4117 docti

415 4131 671 4186 homines.

487 4208 537 4255 4.
574 4204 626 4256 si
670 4204 809 4275 fuit]
857 4203 1106 4258 namlich
1152 4203 1395 4270 damah,
1451 4203 1535 4256 als

417 4271 508 4325 die
582 4274 793 4327 andern
865 4275 993 4328 dem
1058 4272 1534 4329 heimkehrenden

419 4340 613 4410 Sieger
673 4344 1144 4414 entgegeneilten.
1204 4376 1271 4384 —
1327 4343 1533 4485 carere]

417 4412 724 4468 entbehren
761 4414 999 4469 konnen.
1049 4446 1113 4458 -
1158 4417 1386 4471 stultum
1430 4420 1508 4470 est

1656 3065 1814 3120 nieht
1848 3066 2009 3121 stulti
2041 3067 2144 3132 sit;
2195 3066 2459 3121 Wechsel
2495 3068 2596 3123 der
2634 3070 2777 3123 Kon-

1658 3137 1954 3193 struktion.
1968 3167 2036 3177 —
2048 3138 2190 3192 nolle
2199 3137 2454 3208 privata]
2471 3156 2547 3193 sc.
2562 3156 2625 3194 re
2641 3140 2773 3207 frui.

1654 3240 1727 3291 ·-
1745 3208 2137 3333 ἔοθὶἒαψὲῑ]
2192 3207 2775 3337 ἒὸἒ-Ῐὲἒὲἓηιὲἐέἒ

1656 3296 1754 3403 {iter
1783 3294 2466 3406 elllerlffndesullslfircllrtesss
2511 3352 2671 3408 fiber.
2709 3384 2769 3392 —-

1654 3422 1730 3475 ad
1782 3422 2028 3493 facinus]
2089 3439 2130 3478 s.
2186 3441 2229 3476 z.
2288 3422 2378 3476 IV.
2430 3427 2515 3477 15.
2567 3428 2617 3478 2.
2694 3423 2773 3476 Im

1651 3490 2049 3547 Lateinischen
2077 3492 2220 3563 liegt
2247 3492 2370 3546 hier
2397 3492 2489 3546 die
2519 3493 2771 3549 Vorstel-

1655 3563 1792 3631 lung
1849 3564 1946 3618 des
1994 3565 2287 3632 StrebenS‚
2342 3563 2442 3617 der
2487 3563 2770 3634 Richtung

1652 3652 1719 3687 zu
1761 3631 2012 3688 Grunde:
2070 3636 2151 3688 im
2184 3634 2532 3690 Deutschen:
2591 3636 2769 3692 Scheu

1651 3720 1774 3760 vor
1813 3703 1912 3758 der
1947 3704 2110 3761 That.

1720 3845 1894 3901 Ems'r.
1934 3845 2107 3901 XXII.
2146 3849 2289 3915 (708.
2326 3849 2438 3918 46)
2471 3847 2766 3903 Marcellus

1648 3918 1808 3972 hatte
1835 3935 1947 3973 von
1977 3917 2169 3972 Cicero
2197 3920 2288 3973 die
2315 3917 2365 3972 N
2371 3918 2632 3975 achricht
2656 3936 2764 3975 von

1647 3988 1830 4043 seiner
1866 3990 2277 4060 Begnadigung
2323 3991 2608 4058 athalum,
2652 3990 2764 4044 und

1646 4061 1823 4115 dankt
1852 4059 2177 4115 demselben
2204 4060 2263 4115 in
2282 4059 2496 4116 diesem
2516 4063 2577 4115 in
2596 4062 2758 4117 sicht-

1642 4131 1822 4186 licher
1859 4132 1980 4186 Eile
2019 4131 2216 4199 (daher
2251 4133 2342 4187 die
2371 4132 2759 4203 asyndetische

1641 4200 2358 4273 Nebeneinanderetellung
2421 4204 2520 4258 der
2579 4204 2758 4270 Satze)

1640 4271 2100 4341 hingeworfenen
2171 4274 2359 4329 Briefe
2441 4275 2533 4328 fiir
2607 4275 2754 4329 seine

1641 4345 2064 4413 Bemt‘ihungen.
2163 4346 2286 4400 Den
2348 4346 2606 4402 verloren
2669 4362 2757 4414 ge-

1643 4431 1937 4483 gangenen
1987 4415 2144 4471 Brief
2184 4414 2401 4472 Ciceros
2456 4417 2611 4472 kann
2658 4432 2757 4471 uns
