3000 4917
487 217 572 281 96
1332 215 1465 270 LIB.
1502 215 1570 270 Π.
1635 215 1856 272 EPIST.
1897 224 1984 276 11.

487 380 597 463 qui
653 379 878 464 primis
924 377 1323 463 temporibus
1376 379 1608 443 erroris
1653 379 1864 443 nostri
1911 384 2024 444 aut
2069 380 2288 463 potius
2336 380 2568 446 furoris
2614 381 2802 466 parti-

485 489 634 552 ceps
711 472 776 532 et
848 467 996 532 falsi
1071 468 1322 532 timoris
1389 467 1600 533 socius
1664 467 1924 550 fuisseS,
2001 469 2413 533 acerbissime
2477 470 2804 534 discidium

485 561 781 622 nostrum
817 557 1043 621 tulisse
1082 557 1560 640 plurimumque
1598 578 1847 640 operae,
1886 556 2102 640 studii,
2141 557 2532 642 diligentiae,
2569 558 2799 623 laboris

422 650 465 715 2
488 645 568 710 ad
628 645 1095 711 conficiendum
1150 645 1427 709 reditum
1481 667 1696 709 meum
1752 646 2120 712 contulisse.
2228 645 2457 730 Itaque
2513 647 2635 712 hoc
2692 649 2799 711 tibi

489 755 635 799 vere
684 735 970 817 adfirm0,
1015 734 1087 798 in
1132 734 1413 799 maxima
1457 734 1707 799 laetitia
1752 737 1817 798 et
1856 735 2344 819 exoptatissima
2382 737 2801 821 gratulatione

485 844 684 888 unum
740 822 821 887 ad
875 822 1335 888 cumulandum
1390 821 1698 907 gaudium
1755 827 2171 906 conspectum
2227 827 2340 888 aut
2383 825 2602 907 potius
2648 846 2802 889 com-

483 912 743 995 plexum
782 912 944 975 mihi
981 916 1164 976 tuum
1203 911 1497 995 defuisse,
1545 932 1731 994 quem
1773 912 1973 976 semel
2009 916 2235 977 nactus
2272 935 2603 997 nunquam
2640 913 2805 977 dimi-

484 1022 646 1084 sero,
692 1022 784 1084 ac,
827 1000 956 1064 nisi
1003 1000 1198 1065 etiam
1244 1001 1736 1083 praetermissos
1785 1000 2027 1065 fructus
2069 1003 2220 1066 tuae
2259 1002 2600 1066 suavitatis
2638 1024 2804 1086 prae-

482 1090 661 1154 teriti
699 1089 1005 1173 temporis
1040 1110 1260 1153 omnes
1290 1109 1579 1174 exegero,
1604 1088 1897 1172 profecto
1926 1089 2051 1154 hac
2078 1090 2489 1154 restitutione
2521 1090 2802 1155 fortunae

485 1200 586 1242 me
632 1180 771 1261 ipse
819 1198 952 1242 non
999 1178 1159 1242 satis
1207 1176 1473 1260 dignum
1517 1177 1835 1242 iudicabO.

415 1271 461 1335 3
658 1266 797 1331 Nos
863 1266 1068 1331 adhuc
1127 1266 1197 1330 in
1250 1271 1475 1331 nostro
1533 1269 1737 1351 statu,
1801 1267 1969 1351 quod
2036 1265 2412 1332 difficillime
2477 1265 2805 1351 reciperari

482 1377 672 1439 posse
720 1354 1016 1419 arbitrati
1065 1377 1312 1434 sumuS,
1360 1354 1765 1440 splendorem
1810 1358 2104 1420 nostrum
2148 1356 2332 1420 illum
2377 1355 2702 1420 forensem
2747 1358 2804 1418 et

478 1445 548 1508 in
612 1447 843 1509 senatu
910 1445 1363 1508 auctoritatem
1419 1447 1485 1507 et
1539 1444 1709 1527 apud
1764 1443 1936 1508 viros
1991 1444 2197 1508 bonos
2253 1445 2535 1529 gratiam
2591 1445 2805 1528 magis,

479 1555 673 1616 quam
720 1537 1018 1616 optamus
1028 1583 1046 1617 ,
1101 1532 1427 1597 consecuti
1473 1555 1720 1615 sumus3
1774 1532 1845 1596 in
1890 1554 1960 1596 re
2007 1535 2224 1597 autem
2267 1533 2604 1616 familiari,
2651 1553 2802 1617 quae

477 1622 1012 1706 quemadmodum
1048 1621 1274 1703 fracta,
1321 1621 1653 1704 dissipata,
1699 1621 1952 1704 direpta
1989 1621 2091 1702 sit,
2137 1643 2269 1686 non
2304 1622 2592 1705 ignoras,
2631 1621 2801 1686 valde
2848 1703 2853 1708 .

475 1710 843 1775 laboramus
897 1716 1282 1794 tuarumque
1336 1732 1466 1775 non
1523 1715 1659 1774 tam
1702 1709 2118 1791 facultatum,
2173 1732 2332 1794 quas
2380 1731 2500 1795 ego
2552 1715 2800 1776 nostras

475 1821 614 1863 esse
658 1799 897 1883 iudico,
945 1822 1137 1883 quam
1185 1799 1599 1863 consiliorum
1647 1798 1728 1862 ad
1775 1798 2168 1884 colligendas
2215 1802 2279 1862 et
2325 1799 2801 1864 constituendas

409 1888 776 1973 4reliquias
822 1892 1081 1952 nostras
1119 1887 1497 1972 indigemus,
1572 1886 1781 1971 Nunc,
1827 1889 1950 1952 etsi
1989 1888 2205 1951 omnia
2242 1891 2356 1951 aut
2391 1889 2637 1971 scripta
2673 1909 2804 1952 esse

477 1999 515 2041 a
559 1978 690 2041 tuis
738 1977 1020 2041 arbitror
1067 1981 1180 2040 aut
1225 1976 1423 2040 etiam
1468 1977 1717 2041 nuntiis
1757 1997 1831 2041 ac
1868 1997 2125 2041 rumore
2162 1977 2430 2060 perlata,
2476 1982 2699 2042 tamen
2736 1998 2804 2039 ea

475 2067 606 2129 iam
662 2064 941 2129 scribam
996 2064 1203 2149 brevi,
1263 2087 1426 2149 quae
1473 2068 1539 2129 te
1585 2069 1745 2149 puto
1792 2065 2201 2149 potissimum
2249 2088 2323 2129 ex
2371 2065 2535 2129 meis
2584 2063 2804 2130 litteris

475 2156 638 2219 velle
684 2174 1089 2236 cognoscere.

651 2243 755 2307 Pr.
811 2242 875 2307 N
877 2264 1036 2306 onas
1095 2240 1365 2306 Sextiles
1423 2241 1831 2326 Dyrrhachio
1888 2264 2030 2307 sum
2084 2242 2408 2326 profectus
2419 2294 2435 2325 ,
2498 2244 2644 2327 ipso
2697 2243 2804 2307 illo

471 2332 599 2411 die,
656 2354 781 2416 quo
837 2331 942 2395 lex
998 2335 1098 2395 est
1148 2331 1284 2393 lata
1339 2330 1415 2394 de
1470 2331 1685 2415 nobis3
1740 2330 2156 2395 Brundisium
2201 2333 2347 2396 veni
2403 2330 2615 2397 Nonis
2663 2330 2805 2397 Sex-

473 2421 724 2486 tilibus:
789 2421 881 2485 ibi
945 2419 1108 2484 mihi
1172 2419 1448 2484 Tulliola
1516 2441 1658 2484 mea
1721 2419 1845 2483 fuit
1908 2424 2171 2503 praesto
2233 2420 2435 2484 natali
2491 2443 2613 2486 suo
2672 2421 2803 2503 ipso

470 2509 602 2594 die,
683 2510 793 2594 qui
875 2531 1028 2573 casu
1108 2508 1278 2573 idem
1349 2508 1590 2573 natalis
1667 2513 1807 2572 erat
1880 2514 1946 2573 et
2018 2508 2445 2573 Brundisinae
2520 2510 2804 2574 coloniae

473 2602 538 2662 et
612 2604 763 2664 tuae
846 2598 1092 2663 vicinae
1166 2594 1434 2681 Salutis3
1516 2619 1680 2681 quae
1762 2619 1865 2661 res
1950 2596 2394 2662 animadversa
2477 2620 2516 2662 a
2602 2598 2804 2662 multi-

471 2687 694 2751 tudine
742 2709 995 2751 summa
1031 2685 1570 2751 Brundisinorum
1619 2686 2052 2771 gratulatione
2089 2686 2409 2751 celebrata
2446 2690 2567 2753 est.
2640 2686 2803 2751 Ante

472 2775 640 2840 diem
687 2794 776 2840 VI.
816 2775 965 2839 Idus
1015 2773 1287 2839 Sextiles
1335 2775 1626 2859 cognovi,
1675 2776 1848 2855 [cum
1886 2774 2220 2839 Brundisii
2268 2777 2521 2859 essem,]
2574 2774 2802 2840 litteris

473 2863 726 2943 Quinti,
788 2863 1054 2943 mirifico
1117 2863 1330 2928 studio
1399 2863 1684 2928 omnium
1741 2866 2025 2927 aetatum
2081 2866 2275 2948 atque
2332 2863 2663 2949 ordinum,
2719 2865 2806 2926 in-

471 2951 761 3016 credibili
817 2974 1128 3017 concursu
1182 2952 1410 3016 Italiae
1467 2953 1676 3035 legem
1732 2951 2012 3016 comitiis
2060 2951 2434 3016 centuriatis
2482 2973 2624 3017 esse
2671 2974 2803 3036 per-

1760 3114 1808 3162 3.
1875 3109 2048 3177 mayis
2110 3125 2274 3176 quam
2338 3109 2617 3180 optamus]
2680 3105 2800 3162 weil

1688 3178 1841 3233 diese
1888 3179 2037 3233 seine
2076 3178 2336 3248 Stellung
2373 3196 2446 3232 an
2482 3179 2583 3234 der
2622 3179 2798 3249 Spitze

1690 3251 1787 3304 der
1837 3250 2210 3304 Aristokratie
2265 3251 2397 3320 (viri
2451 3251 2603 3319 boni)
2665 3251 2799 3305 auch

1689 3321 1864 3375 leicht
1900 3320 1991 3375 die
2029 3320 2182 3375 alten
2218 3319 2655 3377 Feindschaften
2680 3320 2801 3392 (mit

544 3114 593 3163 2.
638 3125 792 3178 quem
830 3151 841 3162 .
883 3152 894 3164 .
934 3108 1211 3179 dimisero]
1251 3108 1351 3162 das
1387 3107 1578 3162 Futur.

472 3180 729 3233 exactum
764 3179 842 3233 im
875 3178 1085 3247 Haupt·
1122 3179 1238 3233 und
1265 3179 1316 3233 N
1320 3180 1581 3233 ebensatz

472 3248 642 3314 (denn
671 3256 866 3305 nactus
882 3250 957 3304 ist
975 3276 1043 3297 =
1062 3250 1323 3306 sinucius
1342 3254 1451 3318 ero)
1475 3250 1581 3305 wie

471 3319 511 3374 I.
546 3326 630 3375 24.
659 3327 709 3376 2.
743 3352 811 3362 —-
841 3322 1130 3391 praeteriti
1156 3321 1431 3390 temporis]
1470 3319 1583 3374 Der

472 3389 607 3447 Gen.
627 3393 705 3447 ist
731 3393 905 3448 durch
926 3393 1086 3447 einen
1105 3391 1583 3460 prapositionalen

470 3464 766 3518 Ausdruck
811 3465 947 3520 oder
985 3464 1160 3518 durch
1197 3464 1319 3517 eine
1357 3462 1583 3518 verbale

471 3533 770 3605 Wendung
822 3533 1293 3603 wiederzugeben.
1368 3532 1488 3587 Cas.
1528 3534 1582 3587 b.

470 3622 523 3674 g.
543 3604 638 3661 III.
664 3610 753 3659 18:
794 3607 1136 3675 superiorum
1153 3607 1365 3660 dierum
1383 3605 1585 3659 Sabini

470 3679 761 3733 cwnctatio.
827 3677 971 3731 Phil.
1012 3683 1058 3732 7.
1100 3682 1147 3731 5.
1191 3682 1281 3730 152
1320 3678 1477 3731 cuius
1523 3681 1585 3730 ut

469 3751 715 3803 omittam
767 3749 1197 3803 innumerabilia
1245 3748 1443 3803 scelera
1488 3764 1583 3800 ur-

467 3819 605 3875 bani
640 3821 954 3875 consulatus
983 3845 1050 3864 =
1078 3819 1204 3889 „die
1239 3837 1297 3874 er
1324 3818 1407 3872 als
1435 3817 1582 3873 Kon-

470 3890 558 3944 sul
594 3888 655 3944 in
684 3891 783 3946 der
812 3890 976 3946 stadt
1004 3891 1350 3960 begangen.“
1402 3889 1583 3959 (Nach

468 3960 736 4031 Nagelsb.
789 3962 912 4017 Stil.
959 3980 1014 4031 p.
1054 3965 1197 4027 273.)
1257 3951 1579 4015 Uber-setae:

470 4049 633 4086 wenn
677 4034 771 4088 ich
816 4033 977 4087 nicht
1023 4034 1167 4087 auch
1204 4031 1294 4086 die
1333 4030 1582 4086 Vorteile

470 4101 661 4157 deines
697 4105 1082 4175 angenehmen
1117 4104 1455 4172 Umganges,
1492 4103 1584 4156 die

468 4169 563 4225 ich
610 4175 716 4228 mir
760 4174 819 4229 in
865 4177 963 4230 der
1006 4190 1398 4243 vergangenen
1444 4172 1583 4240 Zeit,

471 4240 524 4294 d.
549 4242 588 4296 i.
616 4259 718 4298 vor
754 4246 880 4300 dem
907 4245 1052 4313 Exil,
1090 4262 1177 4300 wo
1205 4245 1298 4298 ich
1327 4244 1407 4298 sie
1435 4245 1583 4298 noch

468 4312 625 4367 nicht
662 4333 721 4370 so
758 4335 824 4370 zu
862 4319 1126 4371 schatzen
1164 4314 1387 4381 wusste‚
1437 4314 1584 4370 habe

469 4384 749 4453 entgehen
783 4385 968 4442 lassen
1004 4404 1056 4440 u.
1097 4404 1137 4440 s.
1179 4405 1244 4441 w.

1691 3391 1800 3446 den
1860 3390 2283 3461 Machthabern)
2348 3391 2560 3446 wieder
2624 3393 2797 3446 wach-

1690 3463 1851 3516 rufen
1869 3463 2094 3517 konnte.
2126 3493 2192 3504 -
2221 3480 2278 3518 re
2303 3464 2605 3535 familiari]
2637 3463 2793 3519 Seine

1697 3533 2405 3603 Vermogensverhaltm‘sse
2426 3551 2617 3589 waren
2632 3533 2799 3588 durch

1691 3603 1781 3658 die
1829 3605 2168 3673 Zerstorung
2214 3604 2392 3659 seines
2427 3605 2645 3661 Hauses
2692 3602 2799 3658 und

1691 3674 1875 3730 seiner
1929 3675 2253 3742 Landgfiter
2308 3678 2594 3731 zerrt'ittet.
2677 3673 2799 3743 Vgl.

1691 3745 2006 3802 ausserdem
2044 3748 2088 3800 Τ
2091 3746 2415 3802 ERENTIA
2454 3748 2710 3802 Vorbem.

1761 3822 1811 3871 4.
1849 3819 2057 3884 nuntii,
2094 3819 2355 3888 rumores]
2397 3818 2507 3888 vgl.
2546 3820 2587 3873 Ι.
2631 3823 2711 3874 18.
2753 3822 2796 3870 1.

1692 3919 1759 3929 —
1797 3888 2176 3943 Brundisinae
2211 3889 2476 3960 coloniae]
2514 3888 2605 3944 die
2641 3887 2797 3943 stadt

1690 3974 1805 4014 war
1869 3959 2085 4013 damals
2150 3959 2541 4029 Municipium,
2614 3958 2795 4014 wurde

1691 4031 1826 4085 aber
1880 4031 1964 4086 als
2019 4029 2308 4085 Kolonie
2365 4031 2690 4100 gegn'indet.
2729 4058 2793 4068 —

1690 4108 1817 4157 tuae
1859 4103 1961 4159 vic.
1998 4102 2236 4173 Salutis]
2285 4102 2384 4156 der
2429 4100 2658 4171 Tempel
2702 4100 2796 4154 der

1692 4172 1852 4226 Salus
1889 4172 1988 4243 lag
2024 4172 2115 4226 bei
2153 4173 2279 4227 dem
2307 4173 2493 4237 Hause
2528 4173 2624 4226 des
2651 4169 2792 4224 Atti-

1691 4260 1788 4297 cus
1831 4242 1934 4298 auf
1964 4243 2090 4298 dem
2130 4242 2407 4311 Quirinal,
2457 4262 2498 4298 s.
2537 4244 2672 4298 fiber
2708 4241 2793 4294 die

1693 4314 1891 4369 Weihe
1939 4315 2234 4370 desselben
2271 4315 2390 4369 Liv.
2430 4316 2496 4371 X.
2537 4321 2583 4370 1.
2657 4313 2791 4367 Das·

1693 4385 1846 4441 selbe
1927 4385 2454 4441 Zusammentreffen
2543 4387 2616 4440 ist
2694 4398 2790 4452 pro
