3000 4917
440 220 573 287 252
1205 221 1336 275 ΠΒ.
1374 220 1469 274 IV.
1537 219 1760 275 EPIST.
1798 225 2026 276 28-30.

442 384 744 449 arbitror:
800 383 1018 467 itaque
1078 405 1198 447 nos
1252 383 1544 447 confecto
1592 383 1790 466 bello,
1846 388 1920 447 ut
1964 383 2467 468 arbitrabamur,
2525 405 2796 449 renova-

439 476 582 536 tum
628 472 870 536 bellum
917 473 1200 556 gerimus
1213 523 1229 555 ,
1279 493 1609 555 spemque⁹
1637 493 1891 536 omnem
1936 472 2005 535 in
2053 470 2129 537 D.
2178 472 2381 536 Bruto
2429 475 2496 536 et
2543 472 2791 537 Planco

440 561 783 645 habemus3
833 561 888 625 si
934 581 1153 625 verum
1203 561 1484 644 quaeriS,
1541 561 1610 623 in
1657 565 1720 624 te
1769 565 1835 624 et
1879 561 1948 624 in
1994 559 2080 625 M.
2127 560 2349 643 Bruto,
2397 582 2531 624 non
2579 562 2795 625 solum

442 648 523 713 ad
568 669 875 732 praesens
921 649 1308 733 perfugium,
1355 650 1429 727 si,
1476 648 1647 731 quod
1693 648 1917 732 nolim,
1964 647 2217 713 adversi
2264 648 2419 732 quid
2467 649 2795 733 acciderit,

378 741 420 805 2
443 737 552 801 sed
609 738 804 801 etiam
860 739 941 801 ad
1008 737 1563 802 confirmationem
1626 741 1973 820 perpetuae
2038 737 2377 802 libertatis
2479 736 2620 802 Nos
2685 739 2795 802 hic

442 826 518 890 de
565 825 911 890 Dolabella
966 827 1413 904 audiebamus»,
1470 847 1633 908 quae
1680 827 2020 908 vellemne,
2075 825 2187 889 sed
2233 829 2445 889 certos
2493 830 2794 890 auctores

438 936 572 979 non
626 914 1046 979 habebamus,
1139 913 1229 978 Te
1287 914 1544 997 quidem
1600 936 1911 1000 magnum
1966 913 2294 978 hominem
2352 917 2418 978 et
2461 915 2794 998 praesenti

439 1003 677 1067 iudicio
736 1006 802 1067 et
859 1002 1094 1086 reliqui
1148 1004 1457 1085 temporis
1516 1003 1993 1086 exspectatione
2050 1003 2213 1067 scito
2266 1023 2441 1066 esse:
2497 1003 2625 1067 hoc
2670 1003 2796 1086 tibi

439 1091 776 1175 proposito
814 1090 918 1156 fac
961 1100 1035 1155 ut
1079 1091 1158 1155 ad
1208 1113 1459 1155 summa
1506 1092 1888 1174 contendas3
1934 1090 2101 1155 nihil
2150 1093 2250 1155 est
2294 1094 2574 1175 tantum,
2621 1091 2792 1175 quod

438 1202 571 1244 non
616 1181 891 1264 populus
930 1178 1266 1244 Romanus
1313 1202 1351 1242 a
1388 1183 1452 1244 te
1491 1179 1712 1263 perfici
1752 1183 1944 1264 atque
1984 1180 2263 1244 obtineri
2301 1201 2495 1263 posse
2533 1180 2791 1245 iudicet.

442 1267 623 1332 Vale.

1303 1443 1651 1510 Ems'rULA
1697 1444 1932 1509 XXIX.

1339 1565 1451 1635 (Ad
1487 1564 1621 1619 fam.
1660 1565 1778 1620 XII.
1818 1568 1890 1634 9.)

1176 1688 1479 1744 CICERO
1534 1687 1829 1744 CASSIO
1882 1688 2047 1745 SAL.

386 1822 419 1883 1
623 1814 922 1881 Brevitas
962 1821 1221 1880 tuarum
1260 1817 1627 1880 litterarum
1663 1837 1766 1879 me
1814 1838 2066 1901 quoque
2113 1816 2472 1880 breviorem
2518 1817 2592 1880 in
2640 1818 2799 1881 scri-

441 1904 653 1969 bendo
699 1904 886 1987 facit,
941 1908 1031 1986 et,
1087 1927 1234 1969 vere
1280 1909 1355 1968 ut
1400 1905 1635 1987 dicam,
1690 1926 1822 1968 non
1867 1906 2028 1968 satis
2078 1905 2379 1988 occurrit,
2437 1905 2595 1989 quid
2644 1907 2797 1971 scri-

442 1993 625 2076 bam3
670 1997 927 2057 nostras
976 1993 1146 2057 enim
1195 2015 1296 2057 res
1346 1994 1414 2057 in
1460 1993 1624 2058 actis
1668 1992 1939 2076 perferri
1987 1993 2066 2057 ad
2113 1996 2180 2057 te
2224 1999 2395 2057 certo
2444 1993 2600 2077 scic,
2648 1998 2799 2059 tuas

443 2084 657 2146 autem
713 2081 1118 2165 ignoramus3
1184 2085 1521 2166 tamquam
1578 2082 1746 2145 enim
1804 2082 2023 2146 clausa
2083 2082 2170 2146 sit
2227 2083 2411 2163 Asia,
2477 2083 2571 2146 sic
2635 2083 2801 2146 nihil

440 2169 764 2253 perfertur
810 2169 891 2233 ad
936 2192 1055 2234 nos
1102 2174 1361 2253 praeter
1406 2191 1702 2234 rumores
1751 2170 1828 2233 de
1877 2191 2179 2255 oppresso
2218 2169 2584 2254 Dolabella,
2633 2171 2797 2236 satis

383 2259 589 2326 2illos
648 2257 908 2341 quidem
965 2262 1364 2342 constanteS‚
1429 2259 1540 2323 sed
1598 2258 1805 2322 adhuc
1862 2258 1997 2322 sine
2054 2262 2332 2323 auctore.
2423 2256 2594 2342 Nos,
2653 2281 2799 2323 con-

442 2346 682 2411 fectum
732 2346 973 2411 bellum
1021 2368 1165 2410 cum
1213 2352 1617 2430 putaremus,
1662 2352 1929 2431 repente
1978 2369 2016 2411 a
2062 2346 2303 2431 Lepido
2349 2349 2463 2411 tuo
2510 2347 2581 2410 in
2630 2370 2801 2411 sum-

440 2457 613 2500 mam
661 2435 1165 2499 sollicitudinem
1214 2458 1434 2500 sumus
1484 2436 1771 2500 adducti:
1817 2435 2036 2519 itaque
2079 2436 2200 2499 tibi
2238 2435 2552 2520 persuade
2595 2437 2797 2500 maxi-

441 2546 615 2589 mam
671 2523 768 2586 rei
823 2524 1118 2606 publicae
1177 2546 1355 2607 spem
1413 2525 1480 2588 in
1526 2529 1591 2587 te
1639 2529 1704 2588 et
1749 2525 1816 2587 in
1861 2524 1991 2588 tuis
2039 2522 2242 2607 copiis
2291 2546 2446 2588 esse.
2537 2523 2800 2589 Firmos

441 2612 706 2678 omnino
763 2613 1074 2676 exercitus
1128 2611 1470 2695 habemus,
1542 2613 1652 2676 sed
1710 2615 1958 2696 tamen,
2013 2616 2087 2676 ut
2144 2613 2384 2694 omnia,
2452 2615 2527 2675 ut
2586 2634 2801 2697 spem,

439 2721 745 2786 prospere
791 2700 1171 2784 procedant,
1228 2701 1505 2764 multum
1551 2701 1822 2764 interest
1867 2704 1933 2764 te
1987 2701 2221 2765 venire.
2313 2699 2575 2784 Exigua
2623 2702 2799 2765 enim

442 2811 589 2874 spes
639 2792 739 2852 est
784 2788 875 2851 rei
920 2788 1221 2872 publicae
1257 2826 1345 2835 —
1380 2811 1537 2852 nam
1582 2790 1828 2852 nullam
1875 2811 2007 2853 non
2052 2789 2215 2853 libet
2263 2788 2473 2854 dicere
2516 2825 2620 2867 —,
2667 2790 2800 2874 sed,

440 2898 854 2962 quaecunque
904 2881 1028 2961 est,
1085 2898 1161 2940 ea
1208 2877 1646 2961 despondetur
1693 2898 1864 2941 anno
1913 2879 2285 2942 consulatus
2331 2878 2443 2941 tui.
2522 2877 2710 2941 Vale.

436 3085 626 3155 pidus,
674 3083 859 3150 Iunia,
911 3103 1028 3140 war
1074 3084 1197 3141 eine
1247 3086 1561 3141 Schwester
1669 3086 1815 3141 noch
1871 3086 1953 3140 als
2009 3086 2069 3139 in
2124 3086 2253 3139 dem
2307 3085 2545 3153 vorigen
2589 3085 2796 3154 Briefe‚

439 3157 538 3211 des
566 3154 640 3209 M.
661 3152 884 3210 Brutus,
940 3155 1080 3210 Eine
1111 3157 1317 3213 andere
1340 3158 1561 3212 Schwe·
1668 3157 1819 3226 zeigt
1862 3157 1982 3210 sich
2027 3157 2087 3210 in
2133 3157 2344 3211 diesem
2388 3156 2484 3226 (im
2527 3157 2664 3211 Juni
2699 3175 2799 3226 ge-

438 3228 553 3282 ster
600 3224 920 3294 desselben,
968 3226 1132 3280 Iunia
1177 3228 1370 3283 Tertia
1425 3229 1561 3283 oder
1670 3226 2000 3296 schrieben),
2046 3227 2154 3281 wie
2191 3227 2375 3297 wenig
2414 3227 2610 3282 Cicero
2649 3229 2797 3282 noch

437 3296 716 3364 Tertulla,
772 3313 888 3351 war
942 3315 1015 3351 an
1062 3298 1122 3353 C.
1171 3298 1392 3352 Cassius
1436 3316 1558 3353 ver·
1666 3314 1780 3352 von
1817 3298 1946 3352 dem
1974 3298 2392 3353 Unternehmen
2429 3299 2529 3352 des
2556 3299 2624 3352 D.
2654 3298 2797 3352 Bru-

434 3369 694 3424 heiratet.
715 3398 783 3408 —
804 3369 1048 3439 exactis]
1067 3387 1105 3422 s.
1128 3369 1214 3425 ob.
1232 3388 1275 3424 z.
1293 3369 1489 3425 IV.21.
1511 3376 1558 3424 1.
1668 3373 1760 3424 tus
1796 3368 1989 3424 hoffte.

355 3483 362 3488 q
438 3471 504 3481 -
552 3442 627 3495 ad
668 3455 928 3508 praesens
955 3439 1299 3510 perfugium]
1352 3442 1427 3494 acl
1462 3457 1560 3494 zur
1742 3444 1788 3494 1.
1845 3439 1987 3511 vere]
2034 3439 2141 3494 wie
2188 3438 2254 3496 11.
2307 3444 2390 3496 11.
2439 3445 2486 3493 1.
2546 3470 2613 3479 -
2670 3440 2797 3495 illos

433 3510 670 3581 Angabe
717 3512 815 3565 des
868 3509 1153 3577 Zweckes,
1203 3508 1300 3564 des
1348 3509 1556 3579 Zieles;
1666 3512 1906 3581 quidem]
1965 3529 2031 3564 zu
2085 3511 2300 3579 quidem
2362 3508 2486 3563 hier
2540 3511 2661 3563 und
2713 3509 2797 3563 im

433 3583 547 3652 vgl.
586 3600 631 3636 z.
670 3581 711 3634 I.
750 3585 836 3635 20.
880 3586 926 3634 1.
1666 3582 1803 3651 folg.
1841 3580 1931 3635 ΒΥ.
1974 3598 2015 3636 s.
2054 3601 2098 3636 z.
2137 3583 2179 3636 Ι.
2222 3586 2304 3635 16.
2348 3589 2393 3636 1.

510 3659 559 3707 2.
581 3669 720 3721 quae
738 3650 1012 3719 vellemus]
1046 3650 1167 3704 dass
1188 3650 1341 3704 seine
1362 3651 1561 3706 Macht
1740 3659 1790 3707 2.
1831 3652 2056 3707 Firmos
2091 3668 2256 3706 exerc.
2326 3652 2423 3705 des
2462 3650 2528 3706 D.
2569 3652 2796 3719 Brutus,

435 3723 755 3778 vernichtet
807 3722 912 3790 sei;
961 3738 1002 3774 s.
1055 3721 1106 3775 d.
1144 3719 1280 3789 folg.
1321 3723 1409 3776 ΒΓ.
1449 3729 1478 3788 5
1511 3729 1558 3777 1.
1668 3723 1934 3790 Plancus,
1985 3720 2211 3776 Asinius
2314 3722 2450 3777 ollio
2505 3722 2798 3790 (Octavia-

444 3794 708 3849 Vellemws
736 3792 814 3847 ist
833 3791 1123 3846 Coniunct.
1152 3794 1363 3862 potent.
1431 3794 1560 3863 Vgl.
1669 3795 1811 3863 nus).
1851 3825 1917 3833 —
1956 3799 2005 3849 te
2040 3794 2248 3865 venire]
2284 3794 2433 3847 nach
2471 3792 2691 3848 Italian.
2725 3824 2792 3833 -—

432 3866 586 3921 Fam.
629 3871 711 3919 10.
751 3870 810 3917 2:
866 3869 1078 3919 mature
1122 3879 1177 3917 se
1222 3865 1454 3919 contulit
1497 3866 1563 3918 in
1672 3866 1988 3920 consulatus
2014 3864 2124 3935 tui]
2164 3862 2386 3918 Cassius
2411 3864 2588 3930 hatte,
2630 3864 2706 3917 da
2733 3880 2795 3917 er

431 3938 711 3991 societates
749 3934 1205 4003 publicanorum,
1260 3937 1405 4003 quod
1442 3937 1562 4004 qui·
1672 3940 1742 3990 44
1769 3935 1970 3989 Pr‘ator
1996 3950 2273 4003 gewesen,
2309 3935 2401 3988 fiir
2427 3935 2482 3990 d.
2509 3934 2561 3988 J.
2592 3940 2663 3989 41
2701 3934 2795 3989 ein

433 4008 552 4062 dem
596 4007 807 4061 nollem.
850 4036 914 4045 —
953 4006 1047 4060 rel.
1088 4010 1248 4074 temp.
1286 4012 1560 4074 exspecta·
1670 4007 1919 4061 Anrecht
1990 4004 2091 4059 auf
2159 4006 2259 4060 das
2332 4006 2626 4060 Konsulat.
2730 4008 2794 4059 In

433 4079 581 4133 tione
645 4075 736 4131 die
771 4075 1132 4146 Erwartung,
1171 4075 1261 4129 die
1302 4092 1434 4130 man
1468 4075 1562 4131 fiir
1668 4076 1850 4132 einem
1902 4077 2150 4131 anderen
2195 4076 2381 4131 Briefe
2436 4092 2509 4130 an
2567 4075 2792 4130 Cassius

435 4147 526 4202 die
606 4146 813 4201 ukunft
846 4163 961 4201 von
998 4147 1085 4200 dir
1120 4145 1273 4217 hegt.
1666 4147 1843 4203 findet
1870 4147 1990 4202 sich
2018 4146 2264 4204 dieselbe
2297 4146 2623 4203 bestimmte
2655 4147 2793 4202 Vor-

503 4218 683 4271 Emsr.
740 4216 939 4273 XXIX.
997 4218 1143 4287 (711.
1200 4219 1308 4287 43.)
1398 4218 1559 4273 Mehr
1667 4221 2019 4289 aussetzung.
