3000 4917
433 234 519 299 66
1290 232 1426 288 LIB.
1464 232 1506 289 L
1564 231 1787 287 EPIST.
1830 237 1911 287 18.

430 397 652 462 irasci:
708 418 861 460 nam
913 394 1079 459 illud
1125 399 1225 460 est
1268 417 1400 460 non
1449 396 1661 460 solum
1706 394 2073 479 gravitatis,
2128 395 2237 460 sed
2286 417 2781 481 nonnumquam

433 488 630 552 etiam
686 484 1117 568 lentitudinis3
1172 484 1492 549 moderari
1539 505 1692 562 veno
1748 489 1813 547 et
1868 484 2084 548 animo
2143 488 2208 548 εὴ
2262 486 2568 564 orationi,
2632 508 2783 551 cum

434 574 523 639 sis
570 576 794 658 iratus,
841 577 955 638 aut
998 573 1196 637 etiam
1240 576 1453 637 tacere
1501 576 1567 636 et
1611 576 1828 636 tenere
1873 573 1942 636 in
1990 594 2109 637 sua
2155 575 2477 656 potestate
2523 580 2778 640 motum

433 664 630 728 animi
678 667 744 727 et
789 661 1097 745 dolorem,
1144 661 1269 725 etsi
1316 683 1445 726 non
1489 664 1590 725 est
1625 661 1952 745 perfectae
1989 661 2360 745 sapientiae,
2404 667 2629 728 tamen
2677 668 2779 729 est

328 759 411 824 39
431 774 562 817 non
617 750 953 817 mediocris
1009 750 1271 835 ingenii.
1365 750 1577 834 Atque
1637 750 1706 813 in
1767 749 1893 813 hoc
1955 769 2187 834 genere
2247 751 2449 815 multo
2511 755 2577 816 te
2634 774 2780 818 esse

435 842 564 906 iam
605 839 1106 905 commodiorem
1134 838 1583 923 mitioremque
1620 838 1952 922 nuntiant3
1988 838 2206 902 nullae
2244 843 2392 903 tuae
2430 839 2781 905 vehemen-

431 930 628 995 tiores
675 929 875 994 animi
922 928 1407 1010 concitationes,
1451 928 1634 991 nulla
1679 926 2024 991 maledicta
2069 927 2151 992 ad
2187 949 2326 1010 nos,
2372 928 2593 993 nullae
2630 951 2778 994 con-

430 1018 733 1083 tumeliae
762 1017 1200 1101 perferuntur3
1239 1038 1401 1100 quae
1430 1037 1578 1081 cum
1615 1015 1968 1081 abhorrent
2006 1037 2045 1080 a
2079 1017 2316 1081 litteris
2357 1017 2439 1081 ab
2478 1017 2782 1083 humani-

430 1112 592 1187 tate,
647 1109 789 1170 tum
842 1127 994 1171 vero
1051 1104 1377 1170 contraria
1432 1109 1586 1169 sunt
1639 1105 1908 1188 imperio
1965 1125 2039 1169 ac
2087 1105 2419 1190 dignitati3
2479 1128 2662 1192 nam,
2722 1108 2781 1171 si

430 1195 874 1280 implacabiles
919 1194 1289 1260 iracundiae
1336 1197 1514 1276 sunt,
1561 1215 1813 1257 summa
1860 1196 1961 1258 est
2006 1194 2353 1277 acerbitas,
2408 1195 2510 1258 sin
2556 1202 2779 1260 autem

430 1284 805 1366 exorabiles,
852 1304 1105 1348 summa
1149 1283 1398 1365 levitas,
1445 1303 1610 1367 quae
1655 1287 1900 1364 tamen,
1946 1285 2021 1346 ut
2065 1282 2133 1347 in
2179 1283 2384 1366 malis,
2431 1284 2781 1349 acerbitati

439 1370 893 1454 anteponenda
939 1375 1053 1436 est.

319 1469 408 1534 40
603 1460 775 1526 XIV.
832 1458 977 1544 Sed,
1016 1461 1319 1546 quoniam
1356 1459 1602 1543 primus
1642 1480 1850 1523 annus
1889 1458 2120 1524 habuit
2158 1459 2234 1524 de
2275 1460 2396 1524 hac
2423 1461 2777 1546 reprehen-

431 1547 611 1615 sione
657 1549 1006 1632 plurimum
1052 1549 1388 1630 sermonis,
1425 1585 1510 1594 —
1548 1547 1736 1614 credo
1784 1552 2142 1631 propterea,
2188 1549 2357 1632 quod
2391 1548 2517 1612 tibi
2558 1549 2777 1615 homi-

430 1660 585 1703 num
612 1638 906 1716 iniuriae,
944 1638 1115 1722 quod
1144 1638 1476 1719 avaritiae,
1515 1636 1685 1720 quod
1721 1636 2068 1701 insolentia
2105 1642 2362 1720 praeter
2399 1638 2774 1721 opinionem

429 1728 761 1793 accidebat
806 1730 874 1790 ct
917 1726 1348 1791 intolerabilis
1394 1725 1735 1791 videbatur
1786 1761 1860 1771 —-
1876 1776 1894 1808 ,
1940 1726 2254 1791 secundus
2302 1729 2517 1790 autem
2563 1729 2775 1793 multo

427 1817 660 1895 lenior,
707 1815 880 1899 quod
927 1819 993 1879 et
1037 1814 1431 1879 consuetudo
1481 1818 1548 1877 et
1590 1814 1759 1879 ratio
1808 1819 1899 1896 et,
1946 1819 2017 1879 ut
2062 1835 2182 1899 ego
2232 1816 2537 1899 arbitror,
2588 1838 2774 1882 meae

429 1927 681 1990 quoque
736 1904 990 1968 litterae
1045 1907 1109 1967 te
1164 1903 1621 1987 patientiorem
1676 1902 2112 1987 lenioremque
2145 1903 2479 1987 iecerunt,
2539 1906 2778 1970 tertius

426 2017 631 2059 annus
676 1993 769 2057 ita
816 1992 1007 2057 debet
1052 2013 1190 2056 esse
1238 1991 1642 2075 emendatus,
1703 1994 1778 2055 ut
1820 2013 1901 2056 ne
1948 1992 2283 2056 minimam
2328 1992 2587 2076 quidem
2633 2016 2773 2058 rem

319 2092 401 2156 41
427 2083 765 2167 quisquam
818 2080 1030 2164 possit
1089 2080 1287 2144 ullam
1343 2079 1825 2164 reprehendere.
1917 2080 2013 2145 Ac
2066 2082 2196 2145 iam
2251 2080 2373 2145 hoc
2429 2082 2576 2146 loco
2633 2105 2769 2147 non

425 2170 793 2235 hortatione
839 2191 1044 2253 neque
1089 2169 1465 2254 praeceptis,
1512 2168 1623 2233 sed
1669 2169 1965 2252 precibus
2010 2173 2221 2234 tecum
2268 2169 2573 2236 fraternis
2622 2192 2772 2255 ago,

425 2262 635 2323 totum
681 2262 755 2323 ut
801 2258 1107 2341 animum,
1152 2279 1371 2322 curam
1411 2257 1998 2342 cogitationemque
2043 2261 2222 2322 tuam
2267 2280 2474 2342 ponas
2520 2260 2589 2323 in
2633 2282 2769 2324 om-

424 2348 603 2412 nium
640 2347 829 2412 laude
867 2347 1147 2430 undique
1187 2347 1565 2431 colligenda.
1648 2345 1834 2423 Quod
1872 2346 1927 2410 si
1964 2346 2032 2410 in
2069 2346 2372 2412 mediocri
2419 2351 2594 2412 statu
2636 2370 2779 2413 ser-

425 2437 637 2502 monis
692 2458 768 2501 ac
823 2436 1325 2522 praedicationis
1380 2439 1642 2500 nostrae
1688 2457 1790 2499 res
1839 2438 2080 2515 essent,
2135 2435 2298 2501 nihil
2356 2436 2471 2500 abs
2527 2441 2592 2502 te
2641 2439 2770 2502 exi-

427 2527 649 2610 mium,
692 2524 861 2590 nihil
908 2529 1164 2610 praeter
1210 2525 1486 2590 aliorum
1527 2523 2052 2588 consuetudinem
2085 2524 2549 2608 postularetur:
2595 2548 2773 2592 nunc

424 2637 573 2680 vero
629 2623 894 2699 propter
952 2637 1173 2679 earum
1228 2636 1477 2715 rerum,
1528 2613 1596 2677 in
1658 2612 1890 2697 quibus
1951 2613 2187 2677 versati
2251 2635 2498 2699 sumne,
2559 2615 2776 2717 splen-

423 2704 644 2769 dorem
684 2707 749 2768 et
784 2702 1313 2806 magnitudinem,
1351 2702 1481 2766 nisi
1521 2723 1837 2766 summam
1866 2701 2124 2765 laudem
2162 2724 2239 2766 ex
2264 2703 2394 2766 ista
2428 2704 2772 2788 provincia

429 2792 846 2876 assequimur,
892 2793 998 2855 vix
1044 2792 1336 2855 videmur
1383 2812 1700 2855 summam
1737 2790 2272 2873 vituperationem
2310 2812 2503 2874 posse
2543 2792 2777 2858 vitare.

420 2879 523 2944 Ea
576 2883 804 2943 nostra
856 2880 1024 2943 ratio
1083 2885 1206 2963 est,
1260 2883 1334 2944 ut
1379 2901 1602 2944 omnes
1649 2878 1807 2944 boni
1852 2901 1996 2943 cum
2042 2879 2327 2962 faveant,
2381 2883 2520 2944 tum
2567 2882 2771 2946 etiam

427 2988 680 3034 omnem
739 2989 777 3030 a
830 2967 1019 3032 nobis
1081 2968 1487 3053 diligentiam
1543 2967 1979 3051 virtutemque
2033 2972 2100 3032 et
2152 2969 2480 3053 postulent
2537 2973 2606 3033 et
2664 2992 2775 3035 ex-

422 3192 763 3262 mal'sregeln
818 3193 1002 3250 triffst.
1056 3226 1120 3235 —
1176 3196 1341 3267 illud]
1395 3196 1446 3252 d.
1498 3196 1537 3249 i.

423 3264 738 3334 uberhaupt
765 3264 966 3320 nicht
950 3283 1008 3319 ιιι
1029 3266 1171 3320 Zorn
1198 3286 1263 3320 zu
1285 3268 1535 3336 geraten.

426 3367 490 3377 -
550 3338 920 3407 lentitudinis]
986 3338 1148 3393 Tusc.
1203 3338 1297 3391 IV.
1355 3343 1385 3404 ς
1441 3342 1534 3392 43·

419 3409 602 3463 virum
671 3408 849 3463 videri
911 3414 1137 3477 neyant,
1209 3410 1306 3479 qui
1367 3410 1539 3464 irasci

419 3481 644 3546 neseiat,
672 3495 905 3548 eamque,
933 3496 1097 3548 quam
1117 3480 1388 3535 lenitatem
1410 3479 1537 3547 (Ge-

420 3549 751 3612 lassenheit)
791 3566 890 3604 nos
926 3550 1177 3618 dicimus,
1214 3551 1408 3606 vitioso
1447 3553 1537 3619 (=

422 3620 675 3689 tadelnd)
755 3620 1102 3676 lentitudinis
1181 3620 1537 3691 (Lassigkeit)

422 3693 640 3747 nomine
675 3692 957 3761 appellant
995 3691 1330 3774 [1181881181]

491 3770 578 3818 39.
616 3780 653 3817 a
699 3762 918 3834 litteris]
961 3761 1383 3818 wissenschaftl.
1421 3763 1536 3816 Bil-

421 3834 590 3904 dung.
620 3863 690 3874 —
721 3850 757 3888 a
785 3834 864 3888 lit.
888 3835 956 3888 ab
983 3835 1343 3903 humanitate]
1376 3834 1534 3887 zwei-

418 3904 721 3973 gliedriges
745 3902 1086 3973 Asyndeton.
1106 3905 1534 3974 —iraeundiae]

416 3974 744 4030 Ausbri‘iche
797 3975 892 4030 des
939 3976 1167 4044 Zornes,
1216 3977 1320 4031 wie
1367 3982 1398 4041 ὅ
1445 3981 1532 4030 40.

418 4048 716 4115 avaritiae,
743 4046 932 4118 Beisp
935 4048 1032 4102 iele
1073 4064 1181 4102 von
1226 4047 1533 4116 Habsucht,

416 4117 690 4184 invi'dtae,
735 4104 1121 4200 Aufserungen
1165 4119 1262 4174 des
1307 4118 1532 4172 Neides.

415 4217 487 4228 —
522 4193 586 4241 ut
620 4188 684 4240 in
707 4189 888 4256 malis]
925 4195 989 4242 ut
1014 4190 1074 4242 in
1103 4189 1528 4244 einschranken-

419 4258 517 4312 der
545 4258 900 4339 Bedeutung.
932 4275 992 4314 so
1022 4261 1130 4313 viel
1159 4265 1322 4315 unter
1349 4249 1531 4315 Ubeln

416 4346 483 4381 zu
537 4328 760 4382 wahlen
811 4328 912 4398 ist,
969 4331 1087 4400 „als
1132 4332 1231 4386 das
1284 4330 1535 4387 kleinere

417 4384 613 4454 Ubel‘fl

1715 3193 2080 3251 XIV.—XVI.
2119 3196 2351 3261 Schlus's.

1717 3307 1801 3356 40.
1841 3302 2143 3373 accidebat]
2202 3300 2463 3373 Singular
2516 3302 2597 3357 im
2656 3304 2773 3359 An-

1647 3371 1854 3426 schlul's
1890 3389 1964 3426 an
1992 3373 2092 3427 das
2120 3374 2289 3427 letzte
2318 3372 2769 3430 Substantivnm.

1645 3441 1844 3512 Vg1.§
1886 3448 1933 3498 1.
2006 3445 2120 3498 Das
2165 3444 2588 3513 Imperfectum,
2637 3447 2771 3501 weil

1646 3514 1736 3568 die
1791 3515 2036 3569 inimus
2085 3521 2179 3571 etc.
2227 3516 2610 3570 fortwahrend
2657 3518 2777 3572 den

1645 3584 1924 3639 Unwillen
1952 3586 2049 3640 des
2071 3585 2308 3651 Quintus
2329 3590 2607 3657 erregten.
2655 3587 2770 3643 Da-

1645 3657 1745 3710 her
1800 3656 1944 3709 auch
2002 3656 2279 3726 sogleich.
2344 3662 2768 3781 consuetudo

1643 3732 1694 3781 te
1729 3732 1850 3796 p.at
1899 3727 1996 3793 fec.
2045 3757 2112 3766 —
2157 3728 2328 3799 ratio]

1642 3744 2042 3853 Nachdenken.

1713 3909 1798 3958 41.
1841 3903 2000 3974 Quod
2030 3905 2167 3959 si—
2186 3906 2435 3976 essent]‚
2438 3905 2526 3973 ‚Ja
2563 3912 2769 3962 wenn“

1642 3992 1838 4030 unsere
1936 3974 2323 4031 Verbaltnisse
2430 3977 2761 4059 alltagliche

1640 4051 1842 4114 waren,
1874 4046 1963 4100 die
1990 4063 2096 4099 nur
2115 4047 2299 4117 wenig
2317 4063 2427 4101 von
2448 4047 2571 4103 sich
2590 4050 2765 4104 reden

1639 4116 1927 4184 machten‚
1984 4118 2143 4186 oder,
2191 4134 2299 4173 von
2344 4119 2527 4174 denen
2573 4119 2762 4188 wenig

1639 4159 1999 4243 Rfihmendes
2036 4206 2102 4242 zu
2131 4205 2304 4259 sagen
2329 4195 2493 4245 ware.
2533 4192 2597 4245 in
2623 4192 2756 4245 med.

1639 4263 1789 4313 statu
1833 4275 2015 4315 serm.-
2062 4261 2206 4315 statt
2249 4263 2313 4316 in
2356 4267 2419 4315 st.
2471 4262 2767 4318 mediocris

1639 4346 1791 4385 serm.
1831 4329 2163 4400 Hypallage.

2383 3715 2771 3801 werlegung
