3000 4917
1030 232 1094 298 Q.
1133 231 1432 287 TULLIUS
1473 232 1754 290 clonae.
1903 196 1907 200 ’
2478 234 2567 299 65

220 396 399 481 dem,
445 416 608 480 quae
656 416 851 478 supra
897 395 1139 480 scripta
1185 400 1351 478 sunt,
1396 417 1528 460 non
1574 399 1646 460 ut
1680 399 1747 460 te
1782 396 2189 460 instituerem
2226 397 2453 480 scripsi
2482 433 2565 443 —

227 506 440 569 neque
497 484 669 548 enim
723 483 1065 566 prudentia
1119 488 1233 548 tua
1287 485 1663 568 cuiusquam
1709 488 2055 569 praecepta
2101 485 2420 551 desiderat
2469 522 2568 570 —,

224 573 343 638 sed
399 582 503 638 ine
557 573 627 637 in
682 572 1020 637 scribendo
1081 574 1607 638 commemoratio
1668 577 1819 638 tuae
1873 574 2135 638 virtutis
2193 575 2568 640 delectavit:

223 682 626 746 quamquam
679 661 748 725 in
799 660 902 726 his
956 661 1191 725 litteris
1245 661 1505 746 longior
1556 661 1679 744 fui,
1743 684 1936 746 quam
1996 666 2110 726 aut
2163 663 2395 727 vellem
2458 667 2571 728 aut

229 773 430 835 quam
476 771 577 814 me
623 750 848 833 putavi
891 748 1047 814 fore.

408 838 585 904 XIII.
639 837 856 904 Unum
912 842 1035 920 est,
1091 837 1262 922 quod
1317 838 1443 903 tibi
1499 858 1619 923 ego
1667 839 2032 922 praecipere
2084 861 2214 904 non
2259 840 2567 926 desinam,
2591 843 2675 907 37

229 948 442 1011 neque
486 931 553 992 te
597 927 826 1029 patiar,
877 931 1193 1011 quantum
1240 927 1364 992 erit
1408 926 1476 991 in
1523 948 1643 1010 me,
1690 949 1836 992 cum
1883 928 2254 1011 exceptione
2297 929 2569 996 laudari.

231 1015 476 1082 Omnes
525 1016 715 1098 enim,
761 1015 871 1099 qui
906 1015 1101 1081 istinc
1137 1016 1420 1099 veniunt,
1466 1016 1561 1081 ita
1605 978 1682 1080 de
1719 1021 1834 1081 tua
1871 1017 2128 1119 virtute,
2173 1016 2570 1103 integritate,

221 1105 629 1169 humanitate
686 1107 1217 1183 commemorant,
1283 1109 1355 1168 ut
1409 1104 1479 1168 in
1534 1105 1667 1169 tuis
1723 1105 1997 1169 summis
2052 1105 2350 1170 laudibus
2409 1107 2570 1170 exci-

230 1193 421 1277 piant
466 1215 661 1257 unam
697 1193 1111 1257 iracundiam.
1185 1192 1369 1269 Quod
1407 1194 1635 1257 vitium
1674 1215 1819 1258 cum
1860 1194 1927 1258 in
1964 1194 2086 1259 hac
2124 1194 2377 1277 privata
2414 1195 2571 1260 coti-

233 1282 558 1367 dianaque
606 1281 739 1345 vita
783 1282 943 1346 levis
990 1302 1131 1345 esse
1167 1282 1369 1345 animi
1417 1285 1610 1366 atque
1648 1282 1888 1347 infirmi
1925 1282 2197 1366 videtur,
2241 1286 2382 1347 tum
2420 1306 2571 1349 vero

229 1371 397 1434 nihil
458 1373 558 1434 est
614 1372 753 1434 tam
813 1369 1126 1451 deforme,
1191 1392 1385 1455 quam
1449 1371 1528 1434 ad
1589 1392 1935 1435 summum,
1975 1371 2317 1456 imperium
2378 1374 2573 1437 etiam

231 1459 663 1525 acerbitatem
707 1461 974 1523 naturae
1012 1458 1378 1544 adiungere.
1460 1457 1674 1534 Quare
1710 1459 1869 1523 illud
1906 1481 2039 1524 non
2076 1462 2440 1544 suscipiam,
2484 1466 2575 1544 ut,

231 1570 401 1633 quae
441 1548 518 1612 de
556 1547 888 1611 iracundia
926 1547 1051 1612 dici
1088 1548 1301 1613 solent
1345 1570 1383 1611 a
1421 1547 1810 1612 doctissimis
1847 1548 2235 1635 hominibuS,
2283 1572 2359 1613 ea
2402 1573 2573 1615 nunc

233 1637 360 1701 tibi
399 1657 731 1720 exponam,
778 1657 923 1699 cum
962 1639 1028 1700 et
1061 1637 1253 1700 nimis
1294 1637 1529 1721 longus
1574 1659 1714 1701 esse
1749 1637 1952 1701 nolim
2000 1641 2066 1701 et
2103 1659 2180 1703 ex
2220 1640 2574 1703 multorum

233 1725 501 1809 scriptis
548 1747 627 1789 ea
669 1724 860 1788 facile
904 1725 1115 1807 possis
1171 1746 1586 1808 cognoscere:
1641 1725 1827 1807 illud,
1877 1726 2048 1810 quod
2104 1731 2204 1790 est
2258 1728 2573 1811 epistulae

240 1814 602 1898 proprium,
645 1816 719 1877 ut
761 1814 836 1891 is,
883 1812 964 1876 ad
1003 1834 1190 1896 quem
1238 1814 1559 1898 scribitur,
1606 1815 1682 1878 de
1720 1814 1801 1878 iis
1838 1814 2051 1898 rebus,
2097 1836 2256 1898 quas
2298 1816 2578 1901 ignorat,

237 1904 481 1967 certior
515 1903 650 1982 fiat,
685 1902 1328 1985 praetermittendum
1360 1924 1500 1967 esse
1527 1925 1660 1967 non
1697 1907 1873 1987 puto,
1948 1902 2053 1968 Sic
2084 1903 2165 1967 ad
2193 1926 2314 1968 nos
2352 1926 2574 1969 omnes
2597 1907 2682 1970 38

236 1992 374 2055 fere
403 1989 725 2055 deferunt:
763 1990 945 2075 nihil,
982 2012 1126 2055 cum
1162 1991 1331 2055 absit
1373 1992 1719 2074 iracundia,
1759 1991 1998 2073 [dicere
2037 1993 2292 2077 solent,]
2334 1997 2398 2057 te
2435 1993 2576 2057 fieri

236 2102 428 2164 posse
466 2079 823 2160 iucundius,
871 2078 981 2143 sed
1028 2100 1173 2143 cum
1213 2083 1279 2143 te
1318 2078 1588 2144 alicuius
1634 2081 2018 2164 improbitas
2065 2083 2577 2166 perversitasque

242 2168 685 2251 commoverit,
730 2168 821 2232 sic
858 2171 924 2232 te
963 2170 1177 2232 animo
1214 2169 1492 2250 incitari,
1537 2173 1611 2232 ut
1656 2170 1738 2233 ab
1776 2170 2075 2235 omnibus
2112 2173 2228 2235 tua
2265 2171 2576 2235 desidere·

240 2262 349 2322 tur
401 2256 796 2321 humanitas,
887 2254 1122 2336 Quare,
1179 2256 1484 2341 quoniam
1539 2257 1608 2320 in
1664 2280 1805 2321 eam
1859 2258 2179 2323 rationem
2234 2262 2405 2324 vitae
2458 2281 2578 2325 nos

241 2368 375 2410 non
419 2350 558 2410 tam
603 2344 919 2427 cupiditas
967 2344 1279 2428 quaedam
1326 2345 1594 2430 gloriae,
1636 2368 1827 2428 quam
1875 2368 1978 2410 res
2024 2347 2168 2429 ipsa
2205 2369 2279 2411 ac
2314 2348 2581 2412 fortuna

237 2434 531 2518 deduxit,
588 2438 663 2498 ut
707 2433 1133 2517 sempiternus
1181 2455 1390 2499 sermo
1437 2434 1771 2498 hominum
1818 2435 1894 2497 de
1939 2435 2128 2498 nobis
2174 2435 2429 2499 futurus
2478 2436 2582 2520 sit,

239 2545 604 2606 caveamus,
651 2527 965 2624 quantum
1011 2522 1260 2586 efficere
1309 2525 1374 2586 et
1415 2521 1723 2606 consequi
1758 2544 2119 2606 possumuS,
2167 2527 2240 2586 ut
2282 2545 2362 2588 ne
2409 2487 2582 2607 quod

242 2614 314 2677 in
361 2612 551 2677 nobis
597 2612 852 2694 insigne
898 2611 1127 2675 vitium
1171 2611 1371 2674 fuisse
1420 2611 1685 2675 dicatur.

425 2700 649 2784 Neque
689 2720 808 2802 ego
847 2722 1015 2765 nunc
1051 2698 1176 2763 hoc
1212 2698 1549 2781 contendo,
1588 2699 1758 2782 quod
1793 2699 2074 2763 fortasse
2113 2722 2257 2766 cum
2295 2700 2362 2764 in
2405 2701 2582 2765 omni

244 2793 499 2874 natura,
544 2793 685 2853 tum
729 2791 860 2852 iam
906 2789 974 2852 in
1019 2791 1245 2852 nostra
1287 2791 1495 2851 aetate
1544 2787 1802 2852 difficile
1839 2794 1955 2866 est,
2001 2791 2250 2853 mutare
2298 2790 2582 2856 animum

245 2881 333 2962 et,
380 2879 435 2942 si
484 2878 636 2963 quid
674 2880 772 2941 est
809 2878 1065 2960 penitus
1089 2875 1369 2940 insitum
1406 2875 1715 2961 moribuS,
1758 2877 1823 2941 id
1870 2877 2083 2942 subito
2127 2878 2423 2961 evellere3
2471 2880 2583 2943 sed

249 2972 314 3031 te
362 2966 524 3031 illud
562 2966 893 3048 admoneo,
938 2968 1027 3048 ut,
1075 2965 1131 3028 si
1175 2965 1299 3030 hoc
1332 2965 1517 3045 plene
1562 2965 1767 3030 vitare
1801 2987 1935 3030 non
1979 2971 2183 3051 potes,
2228 2967 2397 3051 quod
2435 2972 2584 3032 ante

245 3058 598 3139 occupatur
643 3056 895 3118 animus
941 3055 1023 3118 ab
1080 3054 1439 3137 iracundia,
1495 3076 1686 3137 quam
1744 3054 2078 3138 providere
2134 3058 2303 3120 ratio
2354 3058 2584 3140 potuit,

248 3166 333 3208 ne
384 3147 828 3226 occuparetur,
872 3146 947 3206 ut
990 3147 1057 3207 te
1103 3146 1251 3207 ante
1299 3164 1629 3225 compares
1676 3144 2031 3227 cotidieque
2078 3144 2384 3209 meditere
2430 3146 2585 3220 resi-
2648 3223 2653 3229 .

250 3233 552 3298 stendum
598 3254 735 3296 esse
781 3231 1175 3308 iracundiae,
1223 3252 1491 3314 cumque
1539 3253 1615 3295 ea
1661 3233 1936 3296 maxime
1985 3234 2269 3296 animum
2316 3239 2587 3311 moveat,

246 3328 390 3388 tum
428 3320 553 3385 'tibi
591 3342 728 3385 esse
766 3319 1262 3404 diligentissime
1290 3320 1583 3404 linguam
1611 3320 2093 3405 continendam3
2131 3343 2294 3406 quae
2331 3322 2587 3405 quidem

246 3410 409 3475 mihi
464 3410 671 3475 virtus
727 3409 1051 3473 interdum
1107 3430 1240 3473 non
1302 3409 1510 3472 minor
1566 3408 1846 3493 videtur,
1907 3430 2100 3493 quam
2147 3410 2407 3473 omnino
2455 3431 2587 3473 non

247 3619 428 3674 meint
465 3618 587 3673 sind
626 3617 714 3672 die
753 3617 891 3672 socii
918 3617 1031 3670 und
1061 3617 1151 3671 die
1178 3618 1364 3686 publi·
1471 3619 1792 3674 Manut-
1827 3620 2089 3687 epistulae
2113 3619 2428 3689 proprium]
2469 3618 2589 3672 der-

249 3691 391 3746 cani.
423 3720 491 3730 —
519 3690 820 3771 voluntate]
850 3689 1025 3743 durch
1051 3689 1229 3756 ihren,
1268 3689 1367 3742 der

248 3760 494 3829 Beteilig
494 3763 615 3828 ten,
670 3759 850 3814 freien
895 3757 1122 3814 Willen.
1174 3789 1239 3799 -
1290 3762 1369 3815 At

251 3850 315 3888 ea
378 3831 619 3903 quidem]
683 3830 1052 3900 Erwiderung
1114 3830 1213 3884 auf
1271 3830 1368 3885 das

255 3919 559 3972 vorangeg.
597 3903 689 3957 sed
725 3903 899 3971 quid.
932 3900 1199 3956 ,hortore

321 4008 471 4064 XIII.
523 4008 918 4078 Ermahnunq,
961 4007 1076 4062 sich
1121 4022 1217 4062 vm·
1252 4008 1370 4061 clem

247 4081 499 4136 Jahzorn
534 4096 603 4134 zu
638 4080 817 4133 haten.

327 4193 412 4242 37.
452 4187 558 4256 ita]
597 4185 735 4239 iiber
764 4184 864 4238 das
894 4183 1370 4239 einschrankende

253 4259 337 4313 ita
383 4277 426 4311 e.
464 4257 505 4313 Ι.
545 4263 630 4311 24.
670 4262 719 4310 3.
765 4287 829 4294 —
879 4271 917 4308 a
961 4256 1095 4310 doct.
1143 4256 1371 4310 homini-

259 4329 444 4399 bus]‚
451 4326 539 4396 ‚ab
587 4325 888 4381 Aristotele
939 4326 1000 4380 in
1045 4325 1285 4394 Ethicis‚
1338 4343 1372 4380 a.

257 4398 492 4454 Platone
541 4398 599 4452 in
637 4396 869 4452 Philebo
909 4399 966 4452 et
1001 4396 1077 4452 IV
1115 4398 1182 4452 de
1220 4400 1372 4466 repf‘

368 4496 551 4537 Ciceros
580 4506 783 4547 ausgew.
810 4495 873 4535 Br
875 4496 979 4537 infe.

1474 3689 1631 3744 selbe
1669 3689 1940 3744 Gedanke
1979 3688 2171 3745 11.22.
2214 3696 2258 3743 1.

1547 3765 1632 3816 38.
1685 3777 1769 3815 res
1822 3760 1972 3831 ipsa]
2029 3762 2185 3815 nicht
2240 3760 2363 3814 eine
2417 3761 2588 3814 unbe-

1476 3830 1722 3887 stimmte
1789 3833 2102 3902 (quaedam)
2167 3832 2446 3900 cupiditas
2500 3833 2590 3900 yl„

1477 3901 1719 3956 sondern
1782 3904 1872 3956 die
1936 3901 2390 3957 thatsachlichen
2451 3900 2588 3956 Ver·

1476 3973 1863 4028 1131ΐηί883-
1891 3979 1954 4029 ut
1981 3990 2048 4029 ne
2074 3975 2219 4043 quod
2246 3972 2320 4043 v.]
2351 3992 2417 4026 zu
2443 3979 2593 4028 utne

1475 4044 1588 4111 vgl.
1626 4042 1695 4099 H.
1734 4050 1782 4099 6.
1823 4051 1872 4098 3.
1923 4075 1989 4084 -
2035 4046 2100 4099 in
2149 4049 2342 4099 nostra
2395 4047 2590 4113 aetate]

1479 4113 1718 4179 Quintus
1765 4132 1882 4168 war
1926 4121 1994 4169 42
2032 4114 2066 4169 J
2070 4116 2202 4169 ahre
2251 4114 2347 4169 alt.
2390 4146 2455 4155 —-
2494 4118 2589 4170 ad-

1477 4200 1661 4239 moneo
1697 4185 1784 4256 ut]
1835 4192 1899 4242 ut
1933 4186 2073 4240 wird
2108 4187 2255 4240 nach
2292 4185 2419 4240 dem
2457 4186 2593 4239 zwi-

1480 4257 1802 4310 schensatze
1856 4258 2185 4312 wiederholt
2241 4260 2327 4324 (ut
2372 4263 2423 4310 te
2469 4262 2595 4311 ante

1479 4331 1623 4394 eta),
1677 4327 1784 4381 wie
1828 4327 1895 4380 H.
1936 4334 1984 4383 3.
2025 4358 2089 4368 —
2129 4334 2180 4382 te
2224 4334 2350 4382 ante
2397 4327 2593 4396 comp]

1482 4422 1550 4442 ==
1585 4398 1786 4452 vorher
1841 4399 1931 4453 die
1989 4399 2221 4468 notigen
2278 4398 2593 4453 Vorsiohts·

2138 4493 2170 4541 5
