3000 4917
1014 249 1080 301 A.
1118 245 1429 301 LICINIUS
1471 243 1802 300 CAECINA.
2451 243 2579 309 183

231 409 577 493 deberent3
615 429 1186 473 commemorarem
1222 430 1355 473 non
1392 409 1603 473 solum
1637 411 1944 491 veterum,
1981 408 2093 471 sed
2120 406 2354 472 horum
2383 408 2580 470 etiam

231 498 594 563 recentium
639 498 743 562 vel
788 498 1020 561 ducum
1067 498 1172 562 vel
1218 496 1528 562 comitum
1573 500 1832 561 tuorum
1888 496 2311 581 gravissimos
2365 517 2581 578 casus;

234 586 439 650 etiam
500 590 797 651 externos
863 587 1101 650 multos
1168 587 1376 651 claros
1439 587 1612 650 viros
1677 585 2107 667 nominarem3
2172 585 2348 648 levat
2409 584 2580 648 enim

234 675 529 740 dolorem
575 674 933 739 communis
981 675 1167 759 quasi
1211 674 1379 759 legis
1427 678 1492 738 et
1536 674 1860 737 humanae
1918 673 2314 738 condicionis
2370 694 2579 737 recor-

233 764 448 846 dati03
494 784 878 847 exponerem
922 765 1137 847 etiam,
1185 762 1724 864 quemadmodum
1760 762 1866 826 hic
1904 766 1969 826 et
2006 765 2249 846 quanta
2283 762 2354 825 in
2388 762 2581 825 turba
2601 763 2686 827 13

231 857 607 936 quantaque
644 852 715 915 in
753 851 1125 917 confusione
1162 873 1379 916 rerum
1418 850 1707 916 omnium
1744 851 2130 936 viveremus3
2175 871 2434 914 necesse
2482 852 2580 914 est

235 942 416 1006 enim
472 941 721 1005 minore
777 940 1094 1005 desiderio
1151 940 1403 1023 perdita
1457 962 1527 1004 re
1587 939 1845 1024 publica
1891 961 2102 1005 carere
2150 961 2343 1024 quam
2389 938 2580 1003 bona.

419 1028 542 1094 Sed
571 1028 697 1094 hoc
726 1049 958 1113 genere
985 1029 1147 1092 nihil
1182 1051 1344 1112 opus
1381 1033 1511 1093 est:
1549 1028 1937 1093 incolumem
1973 1032 2038 1093 te
2075 1029 2222 1109 cit0,
2258 1030 2332 1092 ut
2371 1048 2582 1110 sper0,

232 1118 341 1182 vel
395 1119 644 1201 potius,
708 1122 782 1182 ut
835 1118 1182 1202 perspicio,
1246 1118 1625 1183 videbimus,
1712 1116 1971 1182 Interea
2024 1118 2145 1181 tibi
2202 1116 2457 1180 absenti
2514 1118 2582 1178 et

231 1206 416 1289 huic,
465 1207 575 1291 qui
622 1207 831 1289 adest,
876 1207 1149 1290 imagini
1196 1206 1392 1270 animi
1441 1212 1507 1270 et
1552 1208 1837 1289 corporis
1884 1207 2001 1292 tui,
2052 1204 2578 1271 constantissimo

237 1299 434 1378 atque
474 1296 721 1379 optimo
758 1295 891 1359 filio
929 1299 1063 1379 tuo,
1101 1295 1383 1360 studium
1414 1295 1721 1378 officium,
1760 1317 2022 1379 operam
2048 1295 2337 1359 laborem
2366 1314 2580 1356 meum

230 1385 368 1448 iam
404 1384 656 1467 pridem
694 1389 760 1449 et
793 1384 1121 1467 pollicitus
1159 1406 1301 1448 sum
1341 1388 1405 1448 et
1443 1384 1666 1462 detuli,
1701 1406 1874 1448 nunc
1910 1383 2033 1449 hoc
2071 1383 2369 1467 amplius,
2409 1380 2579 1465 quod

231 1495 342 1537 me
408 1473 797 1537 amicissime
863 1472 1097 1537 cotidie
1160 1473 1367 1557 magis
1423 1471 1664 1537 Caesar
1728 1473 2167 1556 amplectitur,
2228 1470 2578 1535 familiares

227 1561 496 1645 quidem
546 1562 682 1625 eius
694 1612 711 1645 ,
758 1562 948 1626 sicuti
992 1562 1342 1626 neminem:
1399 1561 1569 1645 apud
1616 1583 1805 1645 quem
1853 1561 2158 1645 quidquid
2204 1560 2432 1625 valebo
2480 1559 2582 1623 vel

223 1651 623 1715 auctoritate
670 1650 772 1716 vel
824 1651 1053 1736 gratia,
1097 1650 1325 1714 valebo
1362 1650 1513 1736 tibi3
1559 1653 1632 1714 tu
1670 1671 1843 1732 cura,
1887 1653 1960 1713 ut
1997 1671 2143 1714 cum
2180 1647 2579 1713 firmitudine

233 1744 300 1803 te
349 1739 582 1816 animi,
627 1742 769 1802 tum
815 1739 1011 1803 etiam
1060 1761 1171 1822 spe
1220 1738 1465 1822 optima
1513 1742 1854 1804 sustenteS.

1088 2005 1440 2070 Ems'rULA
1489 2003 1729 2068 XXVI.
1821 2033 1826 2039 ·

1160 2125 1268 2195 (Ad
1295 2127 1425 2181 fam.
1454 2124 1548 2180 VI.
1581 2127 1652 2194 7.)

843 2248 1162 2304 CAECINA
1199 2248 1545 2303 CICERONI
1579 2247 1785 2305 PLUR.
1825 2248 1975 2303 SAL.

411 2375 602 2452 Quod
655 2375 781 2438 tibi
833 2396 965 2440 non
1018 2381 1154 2439 tam
1211 2375 1505 2439 celeriter
1556 2375 1722 2438 liber
1777 2380 1877 2440 est
1939 2375 2253 2456 reddituS‚
2315 2376 2578 2459 ignosce
2605 2377 2636 2439 1

223 2465 457 2530 timori
492 2468 721 2529 nostro
761 2468 825 2527 et
861 2464 1163 2528 miserere
1201 2464 1532 2545 temporiS.
1604 2461 1827 2542 Filius,
1869 2469 1941 2528 ut
1978 2464 2188 2546 audio,
2223 2463 2579 2546 pertimuit,

229 2575 440 2638 neque
479 2553 737 2637 iniuria,
775 2553 831 2616 si
874 2553 1038 2617 liber
1067 2552 1307 2616 exisset
1340 2588 1414 2598 -
1451 2553 1756 2635 quoniam
1784 2575 1918 2617 non
1951 2556 2089 2617 tam
2126 2552 2410 2630 interest,
2449 2574 2576 2636 quo

227 2642 452 2706 animo
511 2642 858 2723 scribatur,
913 2662 1107 2725 quam
1163 2662 1290 2724 quo
1347 2641 1700 2724 accipiatur
1755 2678 1868 2724 —‚
1934 2663 2017 2705 ne
2074 2663 2150 2704 ea
2204 2662 2306 2704 res
2361 2640 2578 2724 inepte

231 2731 395 2795 mihi
452 2733 740 2814 noceret,
796 2752 940 2794 cum
998 2730 1373 2814 praesertim
1431 2730 1641 2794 adhuc
1699 2730 1834 2794 stili
1887 2752 2132 2815 poenas
2180 2730 2343 2794 dem.
2437 2729 2579 2807 Qua

225 2923 466 2992 publica
531 2921 623 2976 die
689 2921 911 2976 Waffen
975 2922 1233 2991 ergriffst.
1292 2952 1358 2961 —
1465 2921 1838 2991 geschilderte
1886 2922 2428 2991 Gemfitsstimmung
2482 2920 2580 2976 des

231 2993 497 3062 veterum]
577 2993 862 3060 Coriolan,
936 2992 1218 3047 Camillus.
1290 3024 1358 3033 -
1467 2991 1782 3048 Verfassers
1828 2993 1937 3048 den
1975 2993 2260 3048 schnellen
2298 2992 2582 3063 Fortgang

225 3063 554 3134 recentium]
593 3062 921 3133 Pompejus,
971 3061 1124 3118 Cato.
1164 3095 1231 3103 —
1268 3080 1357 3118 ex-
1467 3064 1568 3118 der
1611 3062 1812 3118 Arbeit
1854 3065 2128 3119 hinderte.
2203 3064 2583 3119 Hinsichtlich

233 3136 445 3205 ternos]
457 3133 889 3205 Themistokles,
899 3133 1191 3201 Aristides,
1205 3134 1359 3188 Han-
1467 3135 1566 3189 des
1618 3134 1834 3189 Inhalts
1888 3135 2070 3191 bildet
2124 3136 2223 3189 der
2267 3136 2421 3190 Brief
2472 3136 2582 3189 den

229 3205 406 3260 nibal.
450 3236 513 3244 —-
553 3206 749 3261 multos
792 3207 858 3261 cl.
899 3206 1070 3277 viros]
1119 3176 1262 3261 oline
1308 3211 1359 3261 et
1466 3206 1710 3274 gei-aden
1748 3207 2060 3275 Gegensatz
2098 3225 2164 3260 zu
2202 3206 2328 3260 dem
2366 3207 2583 3260 warde-

233 3275 718 3332 s.z.111.21.3.
1465 3276 1653 3332 vollen
1692 3277 1995 3332 Schreiben
2031 3277 2130 3332 des
2158 3277 2456 3331 Marcellus
2484 3277 2581 3333 III.

307 3354 393 3403 13.
430 3348 531 3401 hoc
572 3347 784 3418 yenere]
835 3346 987 3401 diese
1033 3363 1210 3417 ganze
1250 3347 1359 3401 Art
1463 3355 1550 3403 22.
1633 3347 1737 3402 Die
1784 3348 2029 3417 Sprache
2074 3347 2281 3402 weicht
2325 3348 2580 3416 mannig

234 3419 371 3487 (von
422 3418 866 3486 Trostgn‘inden)
918 3443 985 3464 =
1035 3419 1147 3473 alle
1201 3419 1356 3474 diese
1462 3419 1594 3475 fach
1655 3436 1766 3474 von
1834 3420 1933 3474 der
1996 3417 2422 3474 Ciceronischen
2493 3418 2582 3472 ab.

236 3488 483 3544 Grfinde.
533 3520 600 3528 —
646 3490 746 3545 hoc
797 3491 960 3558 ampl.
965 3490 988 3560 ]
1051 3490 1198 3544 noch
1248 3490 1357 3545 den
1463 3496 1493 3555 ξ
1550 3496 1600 3544 2.
1665 3507 1965 3560 persuasus
2010 3496 2087 3545 est
2142 3490 2256 3542 und
2305 3489 2585 3543 immolare

239 3557 508 3614 weiteren
564 3561 840 3614 Umstand
894 3577 970 3615 sc.
1027 3560 1233 3617 defero.
1285 3592 1357 3602 —
1461 3563 1528 3616 de
1574 3563 1765 3632 aliqua
1808 3580 1895 3627 re;
1949 3566 1979 3626 ξ
2026 3567 2084 3616 3.
2140 3560 2452 3628 beneficium
2503 3559 2583 3613 im

233 3632 406 3686 sicuti
440 3631 729 3702 neminem]
768 3648 843 3686 sc.
882 3648 971 3686 me
1009 3648 1098 3685 am
1103 3631 1354 3701 p-lectun
1464 3633 1699 3688 zweiten
1746 3633 1968 3699 Gliede,
2023 3634 2227 3687 ebenso
2274 3636 2304 3697 ξ
2351 3637 2411 3685 4.
2468 3647 2584 3685 ver·

232 3703 347 3757 tur.
429 3701 538 3755 Um
594 3719 656 3757 so
700 3703 861 3756 mehr
903 3651 1139 3757 konntep
1164 3703 1356 3757 Cicero
1465 3705 1622 3768 bwrm
1678 3703 1876 3758 Zusatz
1922 3720 2033 3758 von
2077 3704 2293 3772 quidem
2338 3707 2368 3768 ξ
2414 3707 2473 3757 2.
2525 3719 2585 3757 eo

233 3773 331 3828 bei
363 3773 760 3842 gesteigertem
789 3772 1062 3829 Einflusse
1089 3773 1179 3826 fiir
1208 3775 1358 3828 seine
1464 3776 1681 3844 quidem
1709 3782 1938 3843 tempore
1965 3775 2079 3827 und
2099 3779 2129 3839 ξ
2148 3781 2211 3829 3:
2239 3789 2332 3843 eqo
2350 3774 2586 3857 ςμιιὲσῑετη.ο

234 3843 493 3898 Freunde
530 3844 760 3898 wirken.
1543 3852 1588 3898 1.
1625 3845 1901 3915 temporis]
1950 3862 2175 3899 unserer
2220 3845 2391 3913 Lage.
2430 3875 2494 3884 —-
2535 3844 2586 3898 si

309 3915 487 3972 Ems'r.
537 3914 729 3968 XXVI.
789 3920 931 3983 (708.
978 3917 1088 3984 46.)
1164 3914 1356 3970 Cicero
1467 3917 1603 3970 liber
1655 3917 1869 3985 exisset]
1926 3932 2085 3969 wenn
2143 3916 2243 3969 das
2299 3916 2454 3969 Buch
2511 3931 2584 3969 an

238 3986 401 4041 hatte
476 3987 835 4054 gewiinscht,
918 3986 1152 4040 Cacinas
1225 3987 1361 4041 liber
1467 3987 1560 4041 die
1599 3976 2023 4041 Offentlichkeit
2066 3987 2258 4052 Kame,
2305 3985 2408 4040 ehe
2453 4002 2586 4040 man

241 4057 629 4126 Querelar-um,
665 4056 764 4112 das
800 4074 861 4111 er
896 4057 982 4111 bis
1020 4057 1191 4110 dahin
1227 4056 1362 4112 viel·
1469 4056 1694 4124 wusste‚
1742 4060 1846 4111 wie
1885 4055 2053 4112 Casar
2090 4058 2328 4111 daruber
2364 4057 2584 4113 dachte.

239 4127 420 4183 leicht
456 4129 573 4182 erst
607 4126 877 4182 teilweise
913 4129 1143 4194 kannte,
1180 4145 1246 4180 zu
1280 4145 1363 4182 er·
1471 4158 1536 4166 -—
1575 4129 1776 4199 inepte]
1815 4128 2127 4183 thorichter
2163 4129 2367 4183 Weise
2435 4116 2586 4183 Uber

238 4198 460 4266 halten,
526 4216 622 4253 um
679 4215 737 4252 es
793 4199 1193 4254 durchzulesen
1248 4199 1362 4253 und
1470 4199 1571 4253 das
1599 4200 1822 4254 Adverb
1853 4216 1893 4254 s,
1924 4218 1970 4254 z.
1998 4199 2066 4253 11.
2096 4206 2184 4254 25.
2213 4206 2262 4255 2.
2316 4199 2587 4254 Thoricht

240 4268 613 4340 notigenfalls
685 4287 754 4323 zu
825 4270 1167 4324 verbessern.
1259 4270 1362 4324 Die
1470 4274 1619 4325 ware
1649 4285 1724 4336 es,
1754 4286 1916 4324 wenn
1941 4269 2036 4324 ich
2063 4271 2170 4324 mir
2198 4289 2322 4324 zum
2353 4271 2586 4326 zweiten

243 4328 654 4409 Ubersendung
692 4339 789 4396 des
816 4342 1035 4397 Buches
1074 4341 1208 4396 aber
1244 4357 1363 4396 ver·
1469 4340 1622 4396 Male
1679 4341 1851 4395 durch
1899 4341 2022 4396 eine
2072 4340 2282 4395 Schrift
2329 4340 2586 4396 Schaden

242 4414 468 4482 zogerte
528 4411 675 4478 sich,
729 4412 860 4467 weil
914 4411 1008 4466 die
1053 4412 1132 4465 im
1177 4410 1364 4467 Briefe
1471 4418 1695 4482 zuzoge.
1752 4444 1815 4453 —
1867 4414 1986 4467 stili
2030 4428 2240 4482 poenas
2293 4412 2433 4483 dem]
2492 4410 2586 4464 ich
