3000 4917
952 208 1013 264 L.
1051 207 1426 264 MUNATIUS
1462 206 1812 266 PLANOUS.
2423 207 2552 273 227

1114 460 1469 526 Ems‘rnLA
1515 460 1661 525 XII.

1131 581 1241 652 (Ad
1275 583 1408 637 fam.
1446 581 1517 637 X.
1556 584 1634 652 5.)

995 705 1254 762 CICERO
1291 706 1581 762 PLANCO
1620 706 1774 761 SAL.

389 834 590 900 Binas
646 857 687 898 a
740 836 806 899 te
861 834 1080 917 accepi
1136 832 1392 898 litteras
1448 834 1675 901 eodem
1730 836 2049 920 exemplo,
2114 834 2283 921 quod
2338 835 2554 920 ipsum
2580 841 2612 904 1

210 926 602 1008 argumento
641 922 802 987 mihi
838 921 964 987 fuit
1000 921 1375 1006 diligentiae
1403 925 1580 1005 tuae3
1618 924 1911 989 intellexi
1949 924 2121 988 enim
2148 928 2213 988 te
2240 924 2555 1008 laborare,
2692 932 2698 939 '

205 1015 289 1077 ut
333 1012 417 1078 ad
465 1034 570 1077 me
623 1011 785 1076 mihi
840 1011 1432 1095 exspectatissimae
1477 1012 1734 1078 litterae
1779 1012 2240 1098 perferrentur3
2295 1034 2373 1078 ex
2419 1013 2555 1098 qui-

207 1102 333 1166 bus
381 1101 523 1186 cepi
568 1099 849 1166 fructum
896 1100 1214 1184 duplicem
1258 1100 1546 1186 mihique
1588 1100 1659 1165 in
1704 1102 2181 1187 comparatione
2228 1101 2555 1167 difficilem

210 1190 294 1254 ad
340 1189 773 1272 iudicandum,
828 1208 1197 1254 amoremne
1244 1210 1401 1273 erga
1444 1213 1550 1255 me
1595 1192 1798 1276 tuum,
1844 1213 1927 1256 an
1973 1192 2256 1255 animum
2303 1191 2373 1255 in
2417 1211 2555 1255 rem

207 1278 541 1363 publicam
599 1277 806 1364 pluris
868 1277 1339 1343 aestimandum
1395 1282 1709 1363 putarem.
1807 1279 1932 1344 Est
1989 1280 2251 1345 omnino
2305 1278 2555 1364 patriae

209 1367 454 1433 caritas
513 1387 659 1431 meo
717 1366 972 1452 quidem
1029 1366 1264 1431 iudicio
1319 1369 1632 1451 maxima,
1691 1368 1803 1433 sed
1851 1388 2032 1434 amor
2075 1368 2553 1453 voluntatisque

209 1456 590 1522 coniunctio
637 1456 783 1541 plus
831 1458 1003 1520 certe
1048 1454 1248 1519 habet
1294 1456 1658 1521 suavitatis.
1747 1456 1974 1542 Itaque
2024 1457 2554 1523 commemoratio

207 1549 329 1609 tua
372 1550 678 1629 paternae
722 1542 1215 1609 necessitudinis
1259 1543 1873 1630 benevolentiaeque
1930 1545 2095 1630 eius,
2152 1567 2347 1630 quam
2402 1566 2556 1631 erga

210 1656 317 1698 me
377 1656 415 1698 a
474 1633 754 1718 pueritia
800 1632 1201 1715 contulisses,
1247 1636 1728 1719 ceterarumque
1772 1655 2017 1717 rerum,
2070 1655 2234 1719 quae
2281 1633 2363 1699 ad
2409 1656 2553 1699 eam

210 1722 602 1788 sententiam
649 1721 1080 1805 pertinebant,
1125 1720 1568 1786 incredibilem
1614 1722 1775 1786 mihi
1820 1723 2138 1788 laetitiam
2175 1723 2553 1787 attulerunt.

209 1811 463 1876 Rursus
502 1810 854 1876 declaratio
890 1809 1089 1875 animi
1125 1810 1242 1892 tui,
1279 1831 1467 1894 quem
1504 1810 1780 1876 haberes
1817 1812 1896 1876 de
1931 1833 2001 1877 re
2036 1811 2296 1896 publica
2332 1832 2550 1897 quem·
2572 1815 2615 1878 2

211 1921 337 1985 que
382 1898 726 1965 habiturus
773 1919 965 1984 esses,
1009 1897 1171 1962 mihi
1216 1903 1357 1963 erat
1397 1899 1882 1984 iucundissima,
1927 1921 2127 1984 eoque
2166 1900 2374 1965 maior
2411 1904 2552 1965 erat

206 1989 373 2054 haec
416 1987 686 2072 laetitia,
729 1987 900 2071 quod
948 1986 1029 2052 ad
1075 1987 1195 2051 illa
1244 1988 1584 2072 superiora
1621 1990 1981 2056 accedebat.
2054 1988 2281 2073 Itaque
2316 1993 2383 2054 te
2419 2010 2551 2054 non

207 2078 443 2142 hortor
488 2077 727 2158 solum,
784 2076 875 2140 mi
919 2074 1182 2160 Plance,
1239 2076 1350 2141 sed
1404 2078 1597 2160 plane
1643 2079 1841 2143 etiam
1888 2101 2029 2163 oro,
2085 2078 2253 2163 quod
2299 2077 2424 2143 feci
2468 2079 2550 2144 iis

209 2166 477 2248 litteris,
516 2165 750 2250 quibus
778 2167 852 2228 tu
877 2163 1345 2229 humanissime
1373 2166 1781 2250 respondisti,
1816 2170 1892 2232 ut
1918 2172 2060 2233 tota
2094 2170 2308 2232 mente
2347 2167 2552 2233 omni-

208 2276 336 2340 que
384 2254 586 2319 animi
631 2253 879 2338 impetu
924 2251 993 2316 in
1038 2274 1176 2317 rem
1221 2253 1550 2339 publicam
1595 2257 1954 2321 incumbas:
2006 2256 2172 2321 nihil
2219 2260 2333 2340 est,
2381 2256 2551 2341 quod

205 2343 334 2408 tibi
390 2342 625 2408 maiori
679 2342 920 2407 fructui
975 2341 1346 2428 gloriaeque
1402 2365 1542 2407 esse
1595 2344 1832 2428 possit,
1900 2366 2018 2409 nec
2079 2345 2418 2430 quicquam
2474 2366 2551 2408 ex

213 2432 514 2497 omnibus
561 2431 753 2496 rebus
797 2431 1100 2496 humanis
1146 2435 1247 2495 est
1292 2432 1687 2515 praeclarius
1735 2437 1848 2498 aut
1882 2434 2318 2518 praestantius
2357 2454 2550 2517 quam

209 2521 289 2585 de
334 2543 405 2585 re
452 2520 711 2604 publica
756 2518 921 2584 bene
957 2520 1205 2585 mereri.
1279 2520 1512 2585 Adhuc
1549 2521 1718 2585 enim
1748 2558 1830 2568 —
1861 2522 2111 2605 patitur
2146 2525 2262 2586 tua
2299 2523 2614 2587 summa3

207 2609 583 2674 humanitas
630 2614 694 2673 et
741 2608 1058 2692 sapientia
1101 2630 1225 2692 me,
1270 2609 1440 2694 quod
1486 2609 1783 2694 sentiam,
1827 2611 2029 2676 libere
2066 2610 2276 2675 dicere
2308 2647 2388 2657 -
2419 2610 2548 2674 for-

209 2703 376 2763 tuna
422 2698 822 2782 suffragante
868 2697 1107 2763 videris
1154 2719 1257 2762 res
1303 2698 1621 2762 maximas
1670 2703 2069 2784 consecutus,
2115 2698 2287 2783 quod
2334 2720 2549 2784 quam-

214 2809 412 2872 quam
458 2786 599 2851 sine
644 2787 884 2851 virtute
928 2807 1062 2851 non
1107 2787 1456 2871 potuisses,
1510 2790 1728 2852 tamen
1776 2810 1851 2853 ex
1900 2788 2179 2853 maxima
2224 2793 2408 2871 parte
2454 2809 2549 2870 ea,

210 2897 377 2960 quae
424 2897 493 2940 es
539 2874 834 2960 adeptus,
878 2874 1175 2941 fortunae
1219 2876 1744 2960 temporibusque
1789 2876 2188 2942 tribuuntur:
2241 2876 2342 2941 his
2387 2880 2547 2941 tem-

278 3101 465 3156 Erisr.
501 3100 621 3157 XII.
663 3104 807 3171 (711.
844 3102 954 3169 44.)
1027 3102 1139 3157 Der
1176 3102 1331 3156 Brief
1433 3120 1575 3170 sum,
1615 3103 1801 3157 indem
1842 3104 1942 3158 das
1979 3103 2222 3158 Verbum
2261 3104 2419 3159 nicht
2452 3104 2556 3159 auf

209 3174 434 3228 euthalt
491 3173 581 3227 die
636 3171 745 3226 mit
796 3171 1011 3242 grosser
1064 3172 1328 3229 Feinheit
1433 3176 1879 3244 commemoratio,
1901 3176 2138 3230 sondern
2156 3174 2548 3245 aufdieDinge

204 3245 322 3299 und
340 3243 907 3299 Menscbenkenntnie
927 3242 1325 3312 geschriebene
1432 3244 1624 3313 selbst‚
1661 3246 1872 3300 welche
1901 3248 2153 3301 erwahnt
2178 3247 2419 3315 werden,
2453 3247 2548 3301 be-

206 3317 468 3371 Antwort
521 3314 623 3369 auf
665 3315 773 3369 den
817 3315 1324 3383 vorhergehenden.
1433 3332 1611 3385 zogen
1647 3315 1737 3370 ist.

205 3386 477 3440 Derselbe
530 3384 734 3455 gehort
790 3385 919 3439 dem
972 3384 1169 3440 Monat
1219 3386 1324 3440 De·
1502 3393 1553 3441 2.
1610 3388 1684 3441 iis
1738 3388 1958 3458 litteris]
2013 3386 2117 3440 Die
2171 3386 2307 3456 folg.
2347 3386 2545 3442 Worte

207 3457 431 3512 zember
468 3472 558 3512 an.
1430 3463 1495 3513 ut
1541 3463 1654 3513 tota
1693 3464 1865 3513 mente
1901 3489 1969 3498 —
2006 3459 2289 3513 incumbas
2322 3460 2548 3512 werden

284 3534 329 3584 1.
369 3528 550 3583 eodem
584 3527 849 3598 exemplo]
888 3527 1127 3581 Plancus
1162 3526 1322 3582 hatte
1429 3529 1582 3583 wohl
1627 3531 1732 3584 mit
1771 3528 1955 3584 Recht
2001 3529 2100 3583 auf
2134 3529 2219 3583 Br.
2258 3536 2308 3582 9.
2346 3536 2405 3583 2:
2462 3530 2547 3584 Il-

207 3599 309 3654 der
374 3597 688 3652 Sicherheit
760 3615 956 3666 wegen
1021 3598 1322 3653 denselben
1430 3600 1531 3653 lud
1571 3606 1750 3655 autem
1787 3606 1905 3654 erat
1942 3601 2145 3656 amoris
2177 3601 2282 3654 mei
2315 3606 2411 3655 etc.
2449 3600 2546 3654 be-

205 3668 370 3724 Brief
409 3670 469 3724 in
505 3669 639 3724 zwei
674 3667 1033 3724 Abschriften
1069 3669 1174 3723 auf
1201 3685 1322 3724 ver·
1429 3685 1621 3738 zogen.
1694 3671 1780 3725 Da
1815 3669 2054 3726 Plancus
2091 3672 2226 3737 eret,
2275 3671 2547 3726 nachdem

205 3740 549 3795 schiedenen
577 3739 791 3809 Wegen
826 3740 1082 3808 abgehen
1120 3740 1321 3794 lassen.
1431 3757 1491 3795 er
1548 3741 1667 3795 drei
1712 3742 1896 3796 Briefe
1943 3743 2117 3813 (Fam.
2168 3743 2233 3796 X.
2285 3747 2332 3796 1.
2379 3742 2547 3811 (oben

207 3812 263 3866 S.
291 3810 454 3867 z.111.
476 3818 526 3867 5.
550 3811 936 3881 1.-—carita8]
964 3810 1115 3864 Part.
1137 3826 1213 3864 or.
1240 3818 1321 3865 16:
1427 3810 1521 3866 Br.
1560 3818 1622 3878 9)
1669 3819 1702 3870 2
1749 3829 1802 3866 u.
1843 3815 1898 3882 3)
1947 3812 2121 3882 (oben
2157 3812 2246 3867 ΒΥ.
2291 3814 2392 3882 10)
2440 3828 2548 3868 von

205 3885 327 3936 Aut
355 3881 648 3937 caritate
672 3888 952 3937 moventur
977 3882 1233 3947 homines,
1262 3888 1324 3936 ut
1431 3883 1625 3938 Cicero
1682 3882 2045 3953 empfangen,
2102 3885 2431 3938 antwortete
2479 3885 2544 3954 (s.

207 3955 459 4020 deorum,
505 3959 571 4007 ut
611 3954 856 4021 patriae,
900 3959 964 4006 ut
1000 3958 1320 4022 parentum:
1428 3970 1544 4009 vor.
1593 3954 1731 4023 Br.)‚
1789 3970 1850 4009 so
1905 3954 2113 4009 konnte
2161 3954 2350 4009 Cicero
2402 3956 2547 4009 auch

207 4030 310 4079 aut
335 4040 536 4093 amore,
569 4029 633 4078 ut
651 4029 897 4093 patrum,
925 4028 988 4078 ut
1016 4024 1325 4093 coniugum,
1430 4039 1619 4094 sagen,
1657 4023 1780 4078 dass
1819 4024 2058 4080 Plancus
2094 4025 2151 4079 in
2191 4024 2402 4079 diesem
2441 4024 2546 4080 sei·

206 4100 271 4150 ut
325 4096 646 4162 liberorum,
708 4099 773 4149 ut
826 4094 1207 4160 familiarium.
1256 4124 1321 4133 —
1428 4110 1556 4149 nem
1608 4095 1789 4150 Briefe
1844 4097 1987 4151 auch
2038 4096 2140 4150 auf
2179 4095 2272 4151 die
2319 4097 2544 4152 voi-her·

208 4166 603 4221 benevolentiae
674 4166 1018 4221 observantia
1055 4168 1229 4219 nennt
1263 4180 1322 4219 es
1429 4166 1722 4234 gehenden
1758 4166 1913 4234 zwei‚
1950 4166 2109 4222 nicht
2136 4167 2281 4223 bloss
2311 4168 2413 4223 auf
2435 4170 2544 4223 den

209 4253 320 4292 von
357 4237 570 4292 seinem
639 4236 991 4306 tandpunkte
1029 4251 1129 4290 aus
1156 4233 1318 4289 Plan·
1431 4236 1641 4291 dritten
1678 4238 2068 4305 geantwortet.

208 4325 304 4362 cus
341 4309 421 4362 im
458 4324 573 4363 vor.
614 4308 701 4362 Br.
740 4311 771 4373 ξ
805 4314 850 4361 1.
890 4337 957 4346 -
994 4307 1318 4377 attulerunt]
1501 4314 1550 4362 3.
1632 4309 2086 4380 temporibusque]
2181 4310 2280 4363 der
2364 4310 2548 4365 Gunst

206 4378 364 4434 nicht
420 4379 640 4445 (πίνω,-
695 4378 1038 4433 constructio
1085 4378 1156 4432 ad
1191 4393 1322 4449 *sen-
1432 4378 1656 4449 Casars,
1694 4398 1734 4434 s.
1774 4377 1862 4433 ob.
1903 4379 1990 4433 Br.
2033 4385 2116 4435 10.
2156 4385 2186 4445 5
2223 4387 2254 4434 2
2294 4399 2347 4434 u.
2387 4388 2435 4436 3.
2475 4411 2544 4420 ——

2016 4469 2123 4524 15*
