<?xml version="1.0" encoding="UTF-8"?>
<!DOCTYPE html PUBLIC "-//W3C//DTD XHTML 1.0 Transitional//EN"
    "http://www.w3.org/TR/xhtml1/DTD/xhtml1-transitional.dtd">
<html xmlns="http://www.w3.org/1999/xhtml" xml:lang="en" lang="en">
 <head>
  <title>
</title>
<meta http-equiv="Content-Type" content="text/html;charset=utf-8" />
  <meta name='ocr-system' content='tesseract 3.04.00' />
  <meta name='ocr-capabilities' content='ocr_page ocr_carea ocr_par ocr_line ocrx_word'/>
</head>
<body>
  <div class='ocr_page' id='page_1' title='image "ausgewhltebrief02freygoog_0048.png"; bbox 0 0 3000 4917; ppageno 0'>
   <div class='ocr_carea' id='block_1_1' title="bbox 445 229 2006 297">
    <p class='ocr_par' dir='ltr' id='par_1_1' title="bbox 445 229 2006 297">
     <span class='ocr_line' id='line_1_1' title="bbox 445 229 2006 297; baseline -0.001 -13"><span class='ocrx_word' id='word_1_1' title='bbox 445 231 534 297; x_wconf 83' lang='lat'>34</span> <span class='ocrx_word' id='word_1_2' title='bbox 1403 230 1541 285; x_wconf 91' lang='lat' dir='ltr'>LIB.</span> <span class='ocrx_word' id='word_1_3' title='bbox 1579 230 1623 286; x_wconf 93' lang='lat' dir='ltr'>I.</span> <span class='ocrx_word' id='word_1_4' title='bbox 1659 229 1882 285; x_wconf 85' lang='lat' dir='ltr'>EPIST.</span> <span class='ocrx_word' id='word_1_5' title='bbox 1925 235 2006 285; x_wconf 90' lang='grc'>12.</span> 
     </span>
    </p>
   </div>
   <div class='ocr_carea' id='block_1_2' title="bbox 440 397 2798 741">
    <p class='ocr_par' dir='ltr' id='par_1_2' title="bbox 440 397 2798 741">
     <span class='ocr_line' id='line_1_2' title="bbox 620 397 2798 476; baseline 0 -18"><span class='ocrx_word' id='word_1_6' title='bbox 620 399 734 458; x_wconf 90' lang='lat' dir='ltr'>Die</span> <span class='ocrx_word' id='word_1_7' title='bbox 793 399 1114 476; x_wconf 83' lang='lat' dir='ltr'>folgenden</span> <span class='ocrx_word' id='word_1_8' title='bbox 1168 397 1372 458; x_wconf 90' lang='lat' dir='ltr'>Briefe</span> <span class='ocrx_word' id='word_1_9' title='bbox 1424 397 1778 456; x_wconf 90' lang='lat' dir='ltr'>XII—XVI</span> <span class='ocrx_word' id='word_1_10' title='bbox 1833 397 1966 457; x_wconf 90' lang='lat' dir='ltr'>sind</span> <span class='ocrx_word' id='word_1_11' title='bbox 2020 398 2162 457; x_wconf 89' lang='lat' dir='ltr'>bald</span> <span class='ocrx_word' id='word_1_12' title='bbox 2214 399 2369 458; x_wconf 87' lang='lat' dir='ltr'>nach</span> <span class='ocrx_word' id='word_1_13' title='bbox 2430 399 2565 457; x_wconf 92' lang='lat' dir='ltr'>dem</span> <span class='ocrx_word' id='word_1_14' title='bbox 2622 398 2798 458; x_wconf 86' lang='lat' dir='ltr'>Tode</span> 
     </span>
     <span class='ocr_line' id='line_1_3' title="bbox 445 486 2797 565; baseline 0 -18"><span class='ocrx_word' id='word_1_15' title='bbox 445 488 551 548; x_wconf 89' lang='lat' dir='ltr'>der</span> <span class='ocrx_word' id='word_1_16' title='bbox 598 488 856 548; x_wconf 88' lang='lat' dir='ltr'>Tochter</span> <span class='ocrx_word' id='word_1_17' title='bbox 900 488 1306 565; x_wconf 87' lang='lat' dir='ltr'>geschrieben,</span> <span class='ocrx_word' id='word_1_18' title='bbox 1353 488 1446 546; x_wconf 89' lang='lat' dir='ltr'>als</span> <span class='ocrx_word' id='word_1_19' title='bbox 1485 487 1604 547; x_wconf 85' lang='lat' dir='ltr'>Cic.</span> <span class='ocrx_word' id='word_1_20' title='bbox 1642 487 1767 546; x_wconf 90' lang='lat' dir='ltr'>sich</span> <span class='ocrx_word' id='word_1_21' title='bbox 1803 487 1869 545; x_wconf 93' lang='lat' dir='ltr'>in</span> <span class='ocrx_word' id='word_1_22' title='bbox 1904 486 1999 546; x_wconf 91' lang='lat' dir='ltr'>die</span> <span class='ocrx_word' id='word_1_23' title='bbox 2034 486 2409 546; x_wconf 86' lang='lat' dir='ltr'>Einsamkeit</span> <span class='ocrx_word' id='word_1_24' title='bbox 2453 489 2558 547; x_wconf 88' lang='lat' dir='ltr'>des</span> <span class='ocrx_word' id='word_1_25' title='bbox 2595 487 2797 547; x_wconf 90' lang='lat' dir='ltr'>Land-</span> 
     </span>
     <span class='ocr_line' id='line_1_4' title="bbox 446 575 2797 654; baseline -0 -18"><span class='ocrx_word' id='word_1_26' title='bbox 446 578 652 637; x_wconf 90' lang='lat' dir='ltr'>lebens</span> <span class='ocrx_word' id='word_1_27' title='bbox 698 576 1181 654; x_wconf 76' lang='lat' dir='ltr'>zurflckgezogen</span> <span class='ocrx_word' id='word_1_28' title='bbox 1224 577 1410 637; x_wconf 88' lang='lat' dir='ltr'>hatte.</span> <span class='ocrx_word' id='word_1_29' title='bbox 1502 576 1612 637; x_wconf 83' lang='grc' dir='ltr'>ΕΡ.</span> <span class='ocrx_word' id='word_1_30' title='bbox 1648 575 1767 634; x_wconf 90' lang='lat' dir='ltr'>XII</span> <span class='ocrx_word' id='word_1_31' title='bbox 1810 577 1892 635; x_wconf 88' lang='lat' dir='ltr'>ist</span> <span class='ocrx_word' id='word_1_32' title='bbox 1928 575 2034 634; x_wconf 90' lang='lat' dir='ltr'>der</span> <span class='ocrx_word' id='word_1_33' title='bbox 2078 576 2411 652; x_wconf 71' lang='lat' dir='ltr'>beruhmte,</span> <span class='ocrx_word' id='word_1_34' title='bbox 2458 576 2647 635; x_wconf 81' lang='lat' dir='ltr'>durch</span> <span class='ocrx_word' id='word_1_35' title='bbox 2694 577 2797 635; x_wconf 91' lang='lat' dir='ltr'>die</span> 
     </span>
     <span class='ocr_line' id='line_1_5' title="bbox 440 664 2795 741; baseline 0 -17"><span class='ocrx_word' id='word_1_36' title='bbox 440 665 617 726; x_wconf 74' lang='lat' dir='ltr'>Fulle</span> <span class='ocrx_word' id='word_1_37' title='bbox 645 666 812 725; x_wconf 89' lang='lat' dir='ltr'>edler</span> <span class='ocrx_word' id='word_1_38' title='bbox 840 664 1163 725; x_wconf 81' lang='lat' dir='ltr'>Gedanken</span> <span class='ocrx_word' id='word_1_39' title='bbox 1191 665 1680 741; x_wconf 86' lang='lat' dir='ltr'>ausgezeichnete</span> <span class='ocrx_word' id='word_1_40' title='bbox 1710 664 2054 724; x_wconf 83' lang='lat' dir='ltr'>Trostbrief</span> <span class='ocrx_word' id='word_1_41' title='bbox 2076 665 2180 724; x_wconf 90' lang='lat' dir='ltr'>des</span> <span class='ocrx_word' id='word_1_42' title='bbox 2209 664 2452 724; x_wconf 81' lang='lat' dir='ltr'>Servius</span> <span class='ocrx_word' id='word_1_43' title='bbox 2474 664 2795 741; x_wconf 80' lang='lat' dir='ltr'><strong>Sulpicius,</strong></span> 
     </span>
    </p>
   </div>
   <div class='ocr_carea' id='block_1_3' title="bbox 1344 1047 1894 1242">
    <p class='ocr_par' dir='ltr' id='par_1_3' title="bbox 1344 1047 1894 1242">
     <span class='ocr_line' id='line_1_6' title="bbox 1344 1047 1894 1115; baseline -0.002 -2"><span class='ocrx_word' id='word_1_44' title='bbox 1344 1049 1706 1115; x_wconf 78' lang='lat' dir='ltr'>Ems&#39;rnLA</span> <span class='ocrx_word' id='word_1_45' title='bbox 1750 1047 1894 1113; x_wconf 91' lang='lat' dir='ltr'>XII.</span> 
     </span>
     <span class='ocr_line' id='line_1_7' title="bbox 1358 1169 1886 1242; baseline 0.004 -18"><span class='ocrx_word' id='word_1_46' title='bbox 1358 1171 1470 1242; x_wconf 86' lang='lat' dir='ltr'>(Ad</span> <span class='ocrx_word' id='word_1_47' title='bbox 1506 1170 1639 1225; x_wconf 82' lang='lat' dir='ltr'>fam.</span> <span class='ocrx_word' id='word_1_48' title='bbox 1676 1169 1769 1226; x_wconf 78' lang='lat' dir='ltr'>lv.</span> <span class='ocrx_word' id='word_1_49' title='bbox 1810 1172 1886 1241; x_wconf 84' lang='lat'>5.)</span> 
     </span>
    </p>
   </div>
   <div class='ocr_carea' id='block_1_4' title="bbox 1228 1293 2010 1351">
    <p class='ocr_par' dir='ltr' id='par_1_4' title="bbox 1228 1293 2010 1351">
     <span class='ocr_line' id='line_1_8' title="bbox 1228 1293 2010 1351; baseline 0.003 -2"><span class='ocrx_word' id='word_1_50' title='bbox 1228 1294 1536 1350; x_wconf 86' lang='lat' dir='ltr'>SERVIUS</span> <span class='ocrx_word' id='word_1_51' title='bbox 1574 1293 1920 1349; x_wconf 87' lang='lat' dir='ltr'>CICERONI</span> <span class='ocrx_word' id='word_1_52' title='bbox 1957 1294 2010 1351; x_wconf 86' lang='lat' dir='ltr'>S.</span> 
     </span>
    </p>
   </div>
   <div class='ocr_carea' id='block_1_5' title="bbox 363 1420 2805 3104">
    <p class='ocr_par' dir='ltr' id='par_1_5' title="bbox 363 1420 2803 2484">
     <span class='ocr_line' id='line_1_9' title="bbox 363 1420 2797 1507; baseline 0 -20"><span class='ocrx_word' id='word_1_53' title='bbox 363 1420 401 1487; x_wconf 91' lang='grc'>1</span> <span class='ocrx_word' id='word_1_54' title='bbox 618 1422 855 1487; x_wconf 90' lang='lat' dir='ltr'>Postea</span> <span class='ocrx_word' id='word_1_55' title='bbox 899 1444 1093 1507; x_wconf 88' lang='lat' dir='ltr'>quam</span> <span class='ocrx_word' id='word_1_56' title='bbox 1139 1422 1300 1486; x_wconf 90' lang='lat' dir='ltr'>mihi</span> <span class='ocrx_word' id='word_1_57' title='bbox 1341 1422 1786 1487; x_wconf 90' lang='lat' dir='ltr'>renuntiatum</span> <span class='ocrx_word' id='word_1_58' title='bbox 1823 1426 1925 1487; x_wconf 91' lang='lat' dir='ltr'>est</span> <span class='ocrx_word' id='word_1_59' title='bbox 1961 1422 2037 1486; x_wconf 89' lang='lat' dir='ltr'>de</span> <span class='ocrx_word' id='word_1_60' title='bbox 2076 1422 2255 1487; x_wconf 91' lang='lat' dir='ltr'>obitu</span> <span class='ocrx_word' id='word_1_61' title='bbox 2294 1422 2569 1507; x_wconf 83' lang='lat' dir='ltr'>Tulliae,</span> <span class='ocrx_word' id='word_1_62' title='bbox 2616 1424 2797 1489; x_wconf 91' lang='lat' dir='ltr'>filiae</span> 
     </span>
     <span class='ocr_line' id='line_1_10' title="bbox 440 1511 2798 1596; baseline 0 -20"><span class='ocrx_word' id='word_1_63' title='bbox 440 1514 620 1594; x_wconf 89' lang='lat' dir='ltr'>tuae,</span> <span class='ocrx_word' id='word_1_64' title='bbox 685 1532 841 1576; x_wconf 89' lang='lat' dir='ltr'>sane</span> <span class='ocrx_word' id='word_1_65' title='bbox 906 1533 1098 1596; x_wconf 91' lang='lat' dir='ltr'>quam</span> <span class='ocrx_word' id='word_1_66' title='bbox 1163 1533 1281 1595; x_wconf 92' lang='lat' dir='ltr'>pro</span> <span class='ocrx_word' id='word_1_67' title='bbox 1345 1533 1420 1576; x_wconf 89' lang='lat' dir='ltr'>eo</span> <span class='ocrx_word' id='word_1_68' title='bbox 1488 1532 1563 1575; x_wconf 92' lang='lat' dir='ltr'>ac</span> <span class='ocrx_word' id='word_1_69' title='bbox 1625 1511 1816 1575; x_wconf 91' lang='lat' dir='ltr'>debui</span> <span class='ocrx_word' id='word_1_70' title='bbox 1871 1512 2157 1594; x_wconf 85' lang='lat' dir='ltr'>graviter</span> <span class='ocrx_word' id='word_1_71' title='bbox 2213 1512 2613 1596; x_wconf 77' lang='lat' dir='ltr'>molesteque</span> <span class='ocrx_word' id='word_1_72' title='bbox 2670 1513 2798 1577; x_wconf 87' lang='lat' dir='ltr'>tuli</span> 
     </span>
     <span class='ocr_line' id='line_1_11' title="bbox 443 1600 2801 1684; baseline 0 -19"><span class='ocrx_word' id='word_1_73' title='bbox 443 1621 978 1684; x_wconf 79' lang='lat' dir='ltr'>communemque</span> <span class='ocrx_word' id='word_1_74' title='bbox 1016 1621 1158 1664; x_wconf 88' lang='lat' dir='ltr'>eam</span> <span class='ocrx_word' id='word_1_75' title='bbox 1196 1601 1633 1665; x_wconf 90' lang='lat' dir='ltr'>calamitatem</span> <span class='ocrx_word' id='word_1_76' title='bbox 1672 1600 2055 1679; x_wconf 83' lang='lat' dir='ltr'>existimavi,</span> <span class='ocrx_word' id='word_1_77' title='bbox 2103 1601 2232 1684; x_wconf 89' lang='lat' dir='ltr'>qui,</span> <span class='ocrx_word' id='word_1_78' title='bbox 2275 1602 2331 1665; x_wconf 90' lang='lat' dir='ltr'>si</span> <span class='ocrx_word' id='word_1_79' title='bbox 2367 1601 2518 1667; x_wconf 90' lang='lat' dir='ltr'>istic</span> <span class='ocrx_word' id='word_1_80' title='bbox 2556 1600 2801 1666; x_wconf 87' lang='lat' dir='ltr'>adfuis-</span> 
     </span>
     <span class='ocr_line' id='line_1_12' title="bbox 444 1688 2799 1774; baseline 0 -20"><span class='ocrx_word' id='word_1_81' title='bbox 444 1711 609 1772; x_wconf 92' lang='lat' dir='ltr'>sem,</span> <span class='ocrx_word' id='word_1_82' title='bbox 655 1710 861 1774; x_wconf 90' lang='lat' dir='ltr'>neque</span> <span class='ocrx_word' id='word_1_83' title='bbox 915 1689 1040 1753; x_wconf 91' lang='lat' dir='ltr'>tibi</span> <span class='ocrx_word' id='word_1_84' title='bbox 1096 1688 1445 1753; x_wconf 82' lang='lat' dir='ltr'>defuissem</span> <span class='ocrx_word' id='word_1_85' title='bbox 1500 1710 1844 1773; x_wconf 90' lang='lat' dir='ltr'>coramque</span> <span class='ocrx_word' id='word_1_86' title='bbox 1901 1710 2118 1753; x_wconf 90' lang='lat' dir='ltr'>meum</span> <span class='ocrx_word' id='word_1_87' title='bbox 2173 1689 2459 1754; x_wconf 91' lang='lat' dir='ltr'>dolorem</span> <span class='ocrx_word' id='word_1_88' title='bbox 2514 1691 2642 1755; x_wconf 90' lang='lat' dir='ltr'>tibi</span> <span class='ocrx_word' id='word_1_89' title='bbox 2692 1690 2799 1755; x_wconf 92' lang='lat' dir='ltr'>de-</span> 
     </span>
     <span class='ocr_line' id='line_1_13' title="bbox 443 1777 2801 1862; baseline -0 -18"><span class='ocrx_word' id='word_1_90' title='bbox 443 1779 810 1844; x_wconf 87' lang='lat' dir='ltr'>clarassem.</span> <span class='ocrx_word' id='word_1_91' title='bbox 893 1777 1039 1843; x_wconf 85' lang='lat' dir='ltr'>Etsi</span> <span class='ocrx_word' id='word_1_92' title='bbox 1084 1798 1289 1862; x_wconf 88' lang='lat' dir='ltr'>genus</span> <span class='ocrx_word' id='word_1_93' title='bbox 1335 1779 1459 1842; x_wconf 90' lang='lat' dir='ltr'>hoc</span> <span class='ocrx_word' id='word_1_94' title='bbox 1505 1778 1973 1843; x_wconf 74' lang='lat' dir='ltr'>consolationis</span> <span class='ocrx_word' id='word_1_95' title='bbox 2021 1779 2332 1843; x_wconf 89' lang='lat' dir='ltr'>miserum</span> <span class='ocrx_word' id='word_1_96' title='bbox 2378 1782 2573 1862; x_wconf 89' lang='lat' dir='ltr'>atque</span> <span class='ocrx_word' id='word_1_97' title='bbox 2623 1801 2801 1844; x_wconf 89' lang='lat' dir='ltr'>acer-</span> 
     </span>
     <span class='ocr_line' id='line_1_14' title="bbox 442 1866 2798 1953; baseline 0 -21"><span class='ocrx_word' id='word_1_98' title='bbox 442 1868 603 1933; x_wconf 91' lang='lat' dir='ltr'>bum</span> <span class='ocrx_word' id='word_1_99' title='bbox 640 1870 759 1949; x_wconf 90' lang='lat' dir='ltr'>est,</span> <span class='ocrx_word' id='word_1_100' title='bbox 795 1870 1142 1950; x_wconf 87' lang='lat' dir='ltr'>propterea</span> <span class='ocrx_word' id='word_1_101' title='bbox 1178 1867 1349 1951; x_wconf 91' lang='lat' dir='ltr'>quia,</span> <span class='ocrx_word' id='word_1_102' title='bbox 1389 1888 1507 1951; x_wconf 91' lang='lat' dir='ltr'>per</span> <span class='ocrx_word' id='word_1_103' title='bbox 1543 1888 1704 1951; x_wconf 89' lang='lat' dir='ltr'>quos</span> <span class='ocrx_word' id='word_1_104' title='bbox 1743 1888 1821 1931; x_wconf 89' lang='lat' dir='ltr'>ea</span> <span class='ocrx_word' id='word_1_105' title='bbox 1856 1866 2121 1931; x_wconf 90' lang='lat' dir='ltr'>confieri</span> <span class='ocrx_word' id='word_1_106' title='bbox 2157 1867 2366 1951; x_wconf 88' lang='lat' dir='ltr'>debet,</span> <span class='ocrx_word' id='word_1_107' title='bbox 2393 1868 2798 1953; x_wconf 89' lang='lat' dir='ltr'>propinquos</span> 
     </span>
     <span class='ocr_line' id='line_1_15' title="bbox 446 1955 2800 2040; baseline 0 -19"><span class='ocrx_word' id='word_1_108' title='bbox 446 1978 521 2021; x_wconf 91' lang='lat' dir='ltr'>ac</span> <span class='ocrx_word' id='word_1_109' title='bbox 573 1955 957 2039; x_wconf 85' lang='lat' dir='ltr'>familiares,</span> <span class='ocrx_word' id='word_1_110' title='bbox 1011 1955 1060 2018; x_wconf 90' lang='lat' dir='ltr'>ii</span> <span class='ocrx_word' id='word_1_111' title='bbox 1112 1955 1241 2039; x_wconf 90' lang='lat' dir='ltr'>ipsi</span> <span class='ocrx_word' id='word_1_112' title='bbox 1290 1955 1433 2039; x_wconf 85' lang='lat' dir='ltr'>pari</span> <span class='ocrx_word' id='word_1_113' title='bbox 1478 1956 1786 2020; x_wconf 91' lang='lat' dir='ltr'>molestia</span> <span class='ocrx_word' id='word_1_114' title='bbox 1831 1955 2218 2020; x_wconf 88' lang='lat' dir='ltr'>adficiuntur</span> <span class='ocrx_word' id='word_1_115' title='bbox 2261 1978 2470 2040; x_wconf 89' lang='lat' dir='ltr'>neque</span> <span class='ocrx_word' id='word_1_116' title='bbox 2517 1957 2658 2021; x_wconf 90' lang='lat' dir='ltr'>sine</span> <span class='ocrx_word' id='word_1_117' title='bbox 2705 1958 2800 2021; x_wconf 94' lang='lat' dir='ltr'>la-</span> 
     </span>
     <span class='ocr_line' id='line_1_16' title="bbox 446 2042 2802 2129; baseline 0 -19"><span class='ocrx_word' id='word_1_118' title='bbox 446 2045 662 2110; x_wconf 87' lang='lat' dir='ltr'>crimis</span> <span class='ocrx_word' id='word_1_119' title='bbox 710 2043 931 2108; x_wconf 90' lang='lat' dir='ltr'>multis</span> <span class='ocrx_word' id='word_1_120' title='bbox 977 2042 1045 2107; x_wconf 86' lang='lat' dir='ltr'>id</span> <span class='ocrx_word' id='word_1_121' title='bbox 1091 2046 1314 2108; x_wconf 91' lang='lat' dir='ltr'>conari</span> <span class='ocrx_word' id='word_1_122' title='bbox 1357 2047 1651 2129; x_wconf 83' lang='lat' dir='ltr'>possunt,</span> <span class='ocrx_word' id='word_1_123' title='bbox 1696 2045 1793 2109; x_wconf 93' lang='lat' dir='ltr'>uti</span> <span class='ocrx_word' id='word_1_124' title='bbox 1839 2045 2052 2128; x_wconf 87' lang='lat' dir='ltr'>magis</span> <span class='ocrx_word' id='word_1_125' title='bbox 2094 2045 2222 2128; x_wconf 89' lang='lat' dir='ltr'>ipsi</span> <span class='ocrx_word' id='word_1_126' title='bbox 2259 2045 2604 2110; x_wconf 84' lang='lat' dir='ltr'>videantur</span> <span class='ocrx_word' id='word_1_127' title='bbox 2643 2047 2802 2111; x_wconf 90' lang='lat' dir='ltr'>alio-</span> 
     </span>
     <span class='ocr_line' id='line_1_17' title="bbox 444 2132 2802 2218; baseline 0.001 -19"><span class='ocrx_word' id='word_1_128' title='bbox 444 2155 591 2199; x_wconf 90' lang='lat' dir='ltr'>rum</span> <span class='ocrx_word' id='word_1_129' title='bbox 664 2132 1109 2198; x_wconf 78' lang='lat' dir='ltr'>consolatione</span> <span class='ocrx_word' id='word_1_130' title='bbox 1180 2132 1466 2218; x_wconf 83' lang='lat' dir='ltr'>indigere</span> <span class='ocrx_word' id='word_1_131' title='bbox 1532 2154 1725 2217; x_wconf 92' lang='lat' dir='ltr'>quam</span> <span class='ocrx_word' id='word_1_132' title='bbox 1791 2133 1938 2197; x_wconf 91' lang='lat' dir='ltr'>aliis</span> <span class='ocrx_word' id='word_1_133' title='bbox 2001 2154 2194 2217; x_wconf 88' lang='lat' dir='ltr'>posse</span> <span class='ocrx_word' id='word_1_134' title='bbox 2259 2155 2446 2198; x_wconf 87' lang='lat' dir='ltr'>suum</span> <span class='ocrx_word' id='word_1_135' title='bbox 2510 2134 2802 2201; x_wconf 85' lang='lat' dir='ltr'>officium</span> 
     </span>
     <span class='ocr_line' id='line_1_18' title="bbox 443 2222 2803 2307; baseline 0.001 -20"><span class='ocrx_word' id='word_1_136' title='bbox 443 2225 793 2307; x_wconf 87' lang='lat' dir='ltr'>praestare,</span> <span class='ocrx_word' id='word_1_137' title='bbox 837 2225 1075 2305; x_wconf 91' lang='lat' dir='ltr'>tamen,</span> <span class='ocrx_word' id='word_1_138' title='bbox 1120 2243 1285 2305; x_wconf 89' lang='lat' dir='ltr'>quae</span> <span class='ocrx_word' id='word_1_139' title='bbox 1329 2222 1399 2286; x_wconf 92' lang='lat' dir='ltr'>in</span> <span class='ocrx_word' id='word_1_140' title='bbox 1435 2222 1801 2307; x_wconf 90' lang='lat' dir='ltr'>praesentia</span> <span class='ocrx_word' id='word_1_141' title='bbox 1837 2222 1908 2285; x_wconf 93' lang='lat' dir='ltr'>in</span> <span class='ocrx_word' id='word_1_142' title='bbox 1945 2226 2227 2286; x_wconf 89' lang='lat' dir='ltr'>mentem</span> <span class='ocrx_word' id='word_1_143' title='bbox 2262 2223 2425 2287; x_wconf 91' lang='lat' dir='ltr'>mihi</span> <span class='ocrx_word' id='word_1_144' title='bbox 2461 2229 2803 2307; x_wconf 84' lang='lat' dir='ltr'>venerunt,</span> 
     </span>
     <span class='ocr_line' id='line_1_19' title="bbox 446 2310 2801 2396; baseline 0.001 -21"><span class='ocrx_word' id='word_1_145' title='bbox 446 2310 698 2375; x_wconf 83' lang='lat' dir='ltr'>decrevi</span> <span class='ocrx_word' id='word_1_146' title='bbox 735 2311 916 2376; x_wconf 85' lang='lat' dir='ltr'>brevi</span> <span class='ocrx_word' id='word_1_147' title='bbox 954 2310 1035 2374; x_wconf 89' lang='lat' dir='ltr'>ad</span> <span class='ocrx_word' id='word_1_148' title='bbox 1070 2314 1136 2374; x_wconf 91' lang='lat' dir='ltr'>te</span> <span class='ocrx_word' id='word_1_149' title='bbox 1173 2311 1590 2393; x_wconf 89' lang='lat' dir='ltr'>perscribere,</span> <span class='ocrx_word' id='word_1_150' title='bbox 1626 2332 1758 2375; x_wconf 90' lang='lat' dir='ltr'>non</span> <span class='ocrx_word' id='word_1_151' title='bbox 1797 2333 1924 2395; x_wconf 92' lang='lat' dir='ltr'>quo</span> <span class='ocrx_word' id='word_1_152' title='bbox 1963 2332 2041 2374; x_wconf 89' lang='lat' dir='ltr'>ea</span> <span class='ocrx_word' id='word_1_153' title='bbox 2066 2314 2132 2374; x_wconf 91' lang='lat' dir='ltr'>te</span> <span class='ocrx_word' id='word_1_154' title='bbox 2158 2310 2384 2396; x_wconf 87' lang='lat' dir='ltr'>fugere</span> <span class='ocrx_word' id='word_1_155' title='bbox 2414 2313 2801 2396; x_wconf 79' lang='lat' dir='ltr'>existimem,</span> 
     </span>
     <span class='ocr_line' id='line_1_20' title="bbox 449 2398 2570 2484; baseline 0.001 -20"><span class='ocrx_word' id='word_1_156' title='bbox 449 2399 560 2464; x_wconf 91' lang='lat' dir='ltr'>sed</span> <span class='ocrx_word' id='word_1_157' title='bbox 608 2399 778 2483; x_wconf 92' lang='lat' dir='ltr'>quod</span> <span class='ocrx_word' id='word_1_158' title='bbox 824 2398 1102 2464; x_wconf 82' lang='lat' dir='ltr'>forsitan</span> <span class='ocrx_word' id='word_1_159' title='bbox 1149 2399 1368 2464; x_wconf 91' lang='lat' dir='ltr'>dolore</span> <span class='ocrx_word' id='word_1_160' title='bbox 1413 2399 1762 2484; x_wconf 89' lang='lat' dir='ltr'>impeditus</span> <span class='ocrx_word' id='word_1_161' title='bbox 1809 2400 2023 2465; x_wconf 88' lang='lat' dir='ltr'>minus</span> <span class='ocrx_word' id='word_1_162' title='bbox 2072 2421 2148 2464; x_wconf 91' lang='lat' dir='ltr'>ea</span> <span class='ocrx_word' id='word_1_163' title='bbox 2191 2400 2570 2484; x_wconf 87' lang='lat' dir='ltr'>perspicias.</span> 
     </span>
    </p>

    <p class='ocr_par' dir='ltr' id='par_1_6' title="bbox 366 2488 2805 3104">
     <span class='ocr_line' id='line_1_21' title="bbox 366 2488 2804 2573; baseline 0.001 -19"><span class='ocrx_word' id='word_1_164' title='bbox 366 2489 411 2554; x_wconf 84' lang='lat'><strong><em>2</em></strong></span> <span class='ocrx_word' id='word_1_165' title='bbox 627 2488 797 2565; x_wconf 84' lang='lat' dir='ltr'>Quid</span> <span class='ocrx_word' id='word_1_166' title='bbox 862 2491 989 2573; x_wconf 91' lang='lat' dir='ltr'>est,</span> <span class='ocrx_word' id='word_1_167' title='bbox 1061 2488 1231 2572; x_wconf 92' lang='lat' dir='ltr'>quod</span> <span class='ocrx_word' id='word_1_168' title='bbox 1293 2491 1479 2553; x_wconf 92' lang='lat' dir='ltr'>tanto</span> <span class='ocrx_word' id='word_1_169' title='bbox 1546 2509 1735 2572; x_wconf 87' lang='lat' dir='ltr'>opere</span> <span class='ocrx_word' id='word_1_170' title='bbox 1799 2492 1865 2552; x_wconf 91' lang='lat' dir='ltr'>te</span> <span class='ocrx_word' id='word_1_171' title='bbox 1926 2492 2331 2553; x_wconf 84' lang='lat' dir='ltr'>commoveat</span> <span class='ocrx_word' id='word_1_172' title='bbox 2393 2493 2545 2554; x_wconf 90' lang='lat' dir='ltr'>tuus</span> <span class='ocrx_word' id='word_1_173' title='bbox 2613 2490 2804 2557; x_wconf 92' lang='lat' dir='ltr'>dolor</span> 
     </span>
     <span class='ocr_line' id='line_1_22' title="bbox 449 2575 2804 2663; baseline 0.002 -22"><span class='ocrx_word' id='word_1_174' title='bbox 449 2575 845 2643; x_wconf 77' lang='lat' dir='ltr'>intestinus?</span> <span class='ocrx_word' id='word_1_175' title='bbox 929 2575 1181 2663; x_wconf 86' lang='lat' dir='ltr'>Cogita,</span> <span class='ocrx_word' id='word_1_176' title='bbox 1227 2599 1420 2662; x_wconf 91' lang='lat' dir='ltr'>quem</span> <span class='ocrx_word' id='word_1_177' title='bbox 1465 2578 1547 2643; x_wconf 91' lang='lat' dir='ltr'>ad</span> <span class='ocrx_word' id='word_1_178' title='bbox 1593 2576 1857 2642; x_wconf 90' lang='lat' dir='ltr'>modum</span> <span class='ocrx_word' id='word_1_179' title='bbox 1902 2577 2111 2642; x_wconf 87' lang='lat' dir='ltr'>adhuc</span> <span class='ocrx_word' id='word_1_180' title='bbox 2154 2576 2418 2643; x_wconf 88' lang='lat' dir='ltr'>fortuna</span> <span class='ocrx_word' id='word_1_181' title='bbox 2445 2579 2804 2655; x_wconf 21' lang='lat' dir='ltr'>‘nobiscum</span> 
     </span>
     <span class='ocr_line' id='line_1_23' title="bbox 450 2666 2799 2753; baseline 0.001 -21"><span class='ocrx_word' id='word_1_182' title='bbox 450 2667 683 2752; x_wconf 84' lang='lat' dir='ltr'>egerit:</span> <span class='ocrx_word' id='word_1_183' title='bbox 731 2688 807 2730; x_wconf 90' lang='lat' dir='ltr'>ea</span> <span class='ocrx_word' id='word_1_184' title='bbox 850 2666 1040 2731; x_wconf 88' lang='lat' dir='ltr'>nobis</span> <span class='ocrx_word' id='word_1_185' title='bbox 1088 2672 1312 2750; x_wconf 87' lang='lat' dir='ltr'>erepta</span> <span class='ocrx_word' id='word_1_186' title='bbox 1353 2688 1515 2749; x_wconf 87' lang='lat' dir='ltr'>esse,</span> <span class='ocrx_word' id='word_1_187' title='bbox 1561 2688 1724 2750; x_wconf 91' lang='lat' dir='ltr'>quae</span> <span class='ocrx_word' id='word_1_188' title='bbox 1770 2667 2140 2731; x_wconf 89' lang='lat' dir='ltr'>hominibus</span> <span class='ocrx_word' id='word_1_189' title='bbox 2175 2688 2308 2731; x_wconf 94' lang='lat' dir='ltr'>non</span> <span class='ocrx_word' id='word_1_190' title='bbox 2346 2667 2559 2732; x_wconf 90' lang='lat' dir='ltr'>minus</span> <span class='ocrx_word' id='word_1_191' title='bbox 2598 2690 2799 2753; x_wconf 89' lang='lat' dir='ltr'>quam</span> 
     </span>
     <span class='ocr_line' id='line_1_24' title="bbox 448 2754 2800 2840; baseline 0.001 -21"><span class='ocrx_word' id='word_1_192' title='bbox 448 2755 638 2820; x_wconf 90' lang='lat' dir='ltr'>liberi</span> <span class='ocrx_word' id='word_1_193' title='bbox 666 2776 817 2819; x_wconf 86' lang='lat' dir='ltr'>cara</span> <span class='ocrx_word' id='word_1_194' title='bbox 845 2775 984 2819; x_wconf 87' lang='lat' dir='ltr'>esse</span> <span class='ocrx_word' id='word_1_195' title='bbox 1013 2754 1268 2839; x_wconf 91' lang='lat' dir='ltr'>debent,</span> <span class='ocrx_word' id='word_1_196' title='bbox 1298 2755 1603 2840; x_wconf 91' lang='lat' dir='ltr'>patriam,</span> <span class='ocrx_word' id='word_1_197' title='bbox 1629 2755 2057 2838; x_wconf 89' lang='lat' dir='ltr'>honestatem,</span> <span class='ocrx_word' id='word_1_198' title='bbox 2086 2755 2489 2839; x_wconf 85' lang='lat' dir='ltr'>dignitatem,</span> <span class='ocrx_word' id='word_1_199' title='bbox 2515 2756 2800 2822; x_wconf 89' lang='lat' dir='ltr'>honores</span> 
     </span>
     <span class='ocr_line' id='line_1_25' title="bbox 450 2842 2803 2932; baseline 0.002 -25"><span class='ocrx_word' id='word_1_200' title='bbox 450 2864 692 2908; x_wconf 91' lang='lat' dir='ltr'>omnes.</span> <span class='ocrx_word' id='word_1_201' title='bbox 775 2842 917 2907; x_wconf 90' lang='lat' dir='ltr'>Hoc</span> <span class='ocrx_word' id='word_1_202' title='bbox 962 2864 1093 2907; x_wconf 94' lang='lat' dir='ltr'>uno</span> <span class='ocrx_word' id='word_1_203' title='bbox 1140 2843 1552 2908; x_wconf 88' lang='lat' dir='ltr'>incommodo</span> <span class='ocrx_word' id='word_1_204' title='bbox 1601 2843 1821 2909; x_wconf 89' lang='lat' dir='ltr'>addito</span> <span class='ocrx_word' id='word_1_205' title='bbox 1868 2844 2023 2928; x_wconf 89' lang='lat' dir='ltr'>quid</span> <span class='ocrx_word' id='word_1_206' title='bbox 2070 2843 2149 2908; x_wconf 92' lang='lat' dir='ltr'>ad</span> <span class='ocrx_word' id='word_1_207' title='bbox 2197 2844 2485 2910; x_wconf 91' lang='lat' dir='ltr'>dolorem</span> <span class='ocrx_word' id='word_1_208' title='bbox 2530 2845 2803 2932; x_wconf 86' lang='lat' dir='ltr'>adiungi</span> 
     </span>
     <span class='ocr_line' id='line_1_26' title="bbox 451 2929 2805 3016; baseline 0.002 -21"><span class='ocrx_word' id='word_1_209' title='bbox 451 2929 714 3015; x_wconf 78' lang='lat' dir='ltr'>potuit?</span> <span class='ocrx_word' id='word_1_210' title='bbox 771 2934 886 2994; x_wconf 91' lang='lat' dir='ltr'>aut</span> <span class='ocrx_word' id='word_1_211' title='bbox 938 2931 1049 3016; x_wconf 91' lang='lat' dir='ltr'>qui</span> <span class='ocrx_word' id='word_1_212' title='bbox 1104 2952 1236 2995; x_wconf 95' lang='lat' dir='ltr'>non</span> <span class='ocrx_word' id='word_1_213' title='bbox 1294 2931 1362 2996; x_wconf 93' lang='lat' dir='ltr'>in</span> <span class='ocrx_word' id='word_1_214' title='bbox 1413 2932 1549 2996; x_wconf 91' lang='lat' dir='ltr'>illis</span> <span class='ocrx_word' id='word_1_215' title='bbox 1594 2933 1787 2997; x_wconf 90' lang='lat' dir='ltr'>rebus</span> <span class='ocrx_word' id='word_1_216' title='bbox 1834 2932 2217 2997; x_wconf 88' lang='lat' dir='ltr'>exercitatus</span> <span class='ocrx_word' id='word_1_217' title='bbox 2266 2934 2517 2998; x_wconf 89' lang='lat' dir='ltr'>animus</span> <span class='ocrx_word' id='word_1_218' title='bbox 2566 2936 2805 3000; x_wconf 90' lang='lat' dir='ltr'>callere</span> 
     </span>
     <span class='ocr_line' id='line_1_27' title="bbox 451 3019 2111 3104; baseline 0.002 -22"><span class='ocrx_word' id='word_1_219' title='bbox 451 3020 586 3083; x_wconf 92' lang='lat' dir='ltr'>iam</span> <span class='ocrx_word' id='word_1_220' title='bbox 633 3019 826 3084; x_wconf 91' lang='lat' dir='ltr'>debet</span> <span class='ocrx_word' id='word_1_221' title='bbox 872 3023 1065 3104; x_wconf 89' lang='lat' dir='ltr'>atque</span> <span class='ocrx_word' id='word_1_222' title='bbox 1111 3020 1331 3085; x_wconf 88' lang='lat' dir='ltr'>omnia</span> <span class='ocrx_word' id='word_1_223' title='bbox 1379 3021 1646 3086; x_wconf 90' lang='lat' dir='ltr'>minoris</span> <span class='ocrx_word' id='word_1_224' title='bbox 1694 3021 2111 3088; x_wconf 79' lang='lat' dir='ltr'>existimare?</span> 
     </span>
    </p>
   </div>
   <div class='ocr_carea' id='block_1_6' title="bbox 449 3184 2809 4471">
    <p class='ocr_par' dir='ltr' id='par_1_7' title="bbox 450 3184 2806 3606">
     <span class='ocr_line' id='line_1_28' title="bbox 524 3184 2806 3266; baseline 0.003 -20"><span class='ocrx_word' id='word_1_225' title='bbox 524 3193 705 3248; x_wconf 71' lang='lat' dir='ltr'>Emsr.</span> <span class='ocrx_word' id='word_1_226' title='bbox 742 3193 864 3248; x_wconf 87' lang='lat' dir='ltr'>XII.</span> <span class='ocrx_word' id='word_1_227' title='bbox 912 3196 1058 3264; x_wconf 81' lang='lat'><strong>(709.</strong></span> <span class='ocrx_word' id='word_1_228' title='bbox 1095 3197 1205 3265; x_wconf 83' lang='lat'>45.)</span> <span class='ocrx_word' id='word_1_229' title='bbox 1261 3184 1412 3249; x_wconf 75' lang='lat' dir='ltr'>Uber</span> <span class='ocrx_word' id='word_1_230' title='bbox 1448 3194 1571 3249; x_wconf 85' lang='lat' dir='ltr'>Ser·</span> <span class='ocrx_word' id='word_1_231' title='bbox 1680 3194 2213 3264; x_wconf 84' lang='lat' dir='ltr'>gestellt,wodurch</span> <span class='ocrx_word' id='word_1_232' title='bbox 2231 3197 2280 3251; x_wconf 76' lang='lat' dir='ltr'>ii</span> <span class='ocrx_word' id='word_1_233' title='bbox 2294 3196 2806 3266; x_wconf 75' lang='lat' dir='ltr'>ipsieinengrosse-</span> 
     </span>
     <span class='ocr_line' id='line_1_29' title="bbox 451 3262 2806 3334; baseline 0.002 -14"><span class='ocrx_word' id='word_1_234' title='bbox 451 3263 579 3320; x_wconf 84' lang='lat' dir='ltr'>vius</span> <span class='ocrx_word' id='word_1_235' title='bbox 617 3262 898 3334; x_wconf 86' lang='lat' dir='ltr'>Sulpicius</span> <span class='ocrx_word' id='word_1_236' title='bbox 946 3282 989 3319; x_wconf 91' lang='lat' dir='ltr'>s.</span> <span class='ocrx_word' id='word_1_237' title='bbox 1027 3264 1148 3320; x_wconf 90' lang='lat' dir='ltr'>Lib.</span> <span class='ocrx_word' id='word_1_238' title='bbox 1189 3265 1282 3322; x_wconf 91' lang='lat'>111.</span> <span class='ocrx_word' id='word_1_239' title='bbox 1323 3265 1569 3321; x_wconf 73' lang='lat' dir='ltr'>Ssnwus.</span> <span class='ocrx_word' id='word_1_240' title='bbox 1679 3284 1778 3321; x_wconf 89' lang='lat' dir='ltr'>ren</span> <span class='ocrx_word' id='word_1_241' title='bbox 1794 3265 2132 3322; x_wconf 86' lang='lat' dir='ltr'>Nachdruck</span> <span class='ocrx_word' id='word_1_242' title='bbox 2153 3267 2352 3323; x_wconf 68' lang='lat' dir='ltr'>erhalt.</span> <span class='ocrx_word' id='word_1_243' title='bbox 2390 3267 2572 3322; x_wconf 90' lang='lat' dir='ltr'>Dabei</span> <span class='ocrx_word' id='word_1_244' title='bbox 2590 3268 2806 3324; x_wconf 84' lang='lat' dir='ltr'>mufste</span> 
     </span>
     <span class='ocr_line' id='line_1_30' title="bbox 451 3335 2806 3409; baseline 0.002 -19"><span class='ocrx_word' id='word_1_245' title='bbox 451 3335 720 3391; x_wconf 88' lang='lat' dir='ltr'>Derselbe</span> <span class='ocrx_word' id='word_1_246' title='bbox 736 3352 853 3390; x_wconf 84' lang='lat' dir='ltr'>war</span> <span class='ocrx_word' id='word_1_247' title='bbox 871 3335 1383 3392; x_wconf 85' lang='lat' dir='ltr'>damalsinAthen.</span> <span class='ocrx_word' id='word_1_248' title='bbox 1404 3336 1571 3394; x_wconf 84' lang='lat'>1.5.1.</span> <span class='ocrx_word' id='word_1_249' title='bbox 1682 3339 1783 3391; x_wconf 88' lang='lat' dir='ltr'>das</span> <span class='ocrx_word' id='word_1_250' title='bbox 1822 3336 2060 3408; x_wconf 74' lang='lat' dir='ltr'>SubJekt</span> <span class='ocrx_word' id='word_1_251' title='bbox 2103 3339 2203 3393; x_wconf 91' lang='lat' dir='ltr'>des</span> <span class='ocrx_word' id='word_1_252' title='bbox 2237 3337 2613 3408; x_wconf 86' lang='lat' dir='ltr'>Hauptsatzes</span> <span class='ocrx_word' id='word_1_253' title='bbox 2652 3342 2806 3409; x_wconf 78' lang='lat' dir='ltr'>(pro-</span> 
     </span>
     <span class='ocr_line' id='line_1_31' title="bbox 450 3396 2806 3481; baseline 0.002 -19"><span class='ocrx_word' id='word_1_254' title='bbox 450 3405 788 3462; x_wconf 88' lang='lat' dir='ltr'>bezeichnet</span> <span class='ocrx_word' id='word_1_255' title='bbox 810 3405 1000 3462; x_wconf 87' lang='lat' dir='ltr'>Cicero</span> <span class='ocrx_word' id='word_1_256' title='bbox 1031 3408 1120 3461; x_wconf 90' lang='lat' dir='ltr'>die</span> <span class='ocrx_word' id='word_1_257' title='bbox 1140 3396 1574 3478; x_wconf 72' lang='lat' dir='ltr'>Uberbringung</span> <span class='ocrx_word' id='word_1_258' title='bbox 1673 3410 1832 3481; x_wconf 77' lang='lat' dir='ltr'>pinq.</span> <span class='ocrx_word' id='word_1_259' title='bbox 1861 3411 2060 3476; x_wconf 79' lang='lat' dir='ltr'>famil.)</span> <span class='ocrx_word' id='word_1_260' title='bbox 2099 3426 2165 3463; x_wconf 82' lang='lat' dir='ltr'>zu</span> <span class='ocrx_word' id='word_1_261' title='bbox 2197 3426 2331 3479; x_wconf 76' lang='lat' dir='ltr'>quos</span> <span class='ocrx_word' id='word_1_262' title='bbox 2358 3410 2442 3464; x_wconf 88' lang='lat' dir='ltr'>als</span> <span class='ocrx_word' id='word_1_263' title='bbox 2471 3410 2806 3466; x_wconf 68' lang='lat' dir='ltr'>erklarende</span> 
     </span>
     <span class='ocr_line' id='line_1_32' title="bbox 450 3477 2806 3553; baseline 0.002 -20"><span class='ocrx_word' id='word_1_264' title='bbox 450 3481 607 3533; x_wconf 90' lang='lat' dir='ltr'>eines</span> <span class='ocrx_word' id='word_1_265' title='bbox 625 3477 840 3533; x_wconf 88' lang='lat' dir='ltr'>Briefes</span> <span class='ocrx_word' id='word_1_266' title='bbox 859 3478 918 3532; x_wconf 90' lang='lat' dir='ltr'>in</span> <span class='ocrx_word' id='word_1_267' title='bbox 937 3484 1005 3533; x_wconf 90' lang='grc'>21</span> <span class='ocrx_word' id='word_1_268' title='bbox 1027 3480 1221 3550; x_wconf 82' lang='lat' dir='ltr'>Tagen</span> <span class='ocrx_word' id='word_1_269' title='bbox 1233 3480 1317 3533; x_wconf 86' lang='lat' dir='ltr'>als</span> <span class='ocrx_word' id='word_1_270' title='bbox 1329 3479 1572 3546; x_wconf 82' lang='lat' dir='ltr'>schnell;</span> <span class='ocrx_word' id='word_1_271' title='bbox 1682 3480 2019 3550; x_wconf 84' lang='lat' dir='ltr'>Apposition</span> <span class='ocrx_word' id='word_1_272' title='bbox 2030 3481 2397 3552; x_wconf 80' lang='lat' dir='ltr'>hinzugeffigt</span> <span class='ocrx_word' id='word_1_273' title='bbox 2407 3482 2651 3537; x_wconf 73' lang='lat' dir='ltr'>werden.</span> <span class='ocrx_word' id='word_1_274' title='bbox 2674 3482 2806 3553; x_wconf 85' lang='lat' dir='ltr'>Vgl.</span> 
     </span>
     <span class='ocr_line' id='line_1_33' title="bbox 452 3548 1969 3606; baseline 0.001 -3"><span class='ocrx_word' id='word_1_275' title='bbox 452 3550 658 3604; x_wconf 86' lang='lat' dir='ltr'>daraus</span> <span class='ocrx_word' id='word_1_276' title='bbox 709 3548 836 3603; x_wconf 82' lang='lat' dir='ltr'>darf</span> <span class='ocrx_word' id='word_1_277' title='bbox 874 3566 1008 3604; x_wconf 83' lang='lat' dir='ltr'>man</span> <span class='ocrx_word' id='word_1_278' title='bbox 1058 3550 1162 3605; x_wconf 87' lang='lat' dir='ltr'>auf</span> <span class='ocrx_word' id='word_1_279' title='bbox 1192 3550 1283 3605; x_wconf 91' lang='lat' dir='ltr'>die</span> <span class='ocrx_word' id='word_1_280' title='bbox 1320 3550 1442 3606; x_wconf 91' lang='lat' dir='ltr'>Zeit</span> <span class='ocrx_word' id='word_1_281' title='bbox 1476 3552 1576 3606; x_wconf 92' lang='lat' dir='ltr'>der</span> <span class='ocrx_word' id='word_1_282' title='bbox 1684 3550 1752 3606; x_wconf 91' lang='lat'>11.</span> <span class='ocrx_word' id='word_1_283' title='bbox 1792 3556 1878 3606; x_wconf 87' lang='grc'>22.</span> <span class='ocrx_word' id='word_1_284' title='bbox 1918 3557 1969 3605; x_wconf 88' lang='grc'>2.</span> 
     </span>
    </p>

    <p class='ocr_par' dir='ltr' id='par_1_8' title="bbox 449 3618 2808 3838">
     <span class='ocr_line' id='line_1_34' title="bbox 450 3618 2808 3694; baseline 0.003 -21"><span class='ocrx_word' id='word_1_285' title='bbox 450 3618 777 3689; x_wconf 86' lang='lat' dir='ltr'>Abfassung</span> <span class='ocrx_word' id='word_1_286' title='bbox 804 3618 987 3675; x_wconf 88' lang='lat' dir='ltr'>dieses</span> <span class='ocrx_word' id='word_1_287' title='bbox 1014 3621 1230 3677; x_wconf 86' lang='lat' dir='ltr'>Briefes</span> <span class='ocrx_word' id='word_1_288' title='bbox 1260 3621 1573 3677; x_wconf 82' lang='lat' dir='ltr'>schliessen.</span> <span class='ocrx_word' id='word_1_289' title='bbox 1753 3628 1804 3678; x_wconf 94' lang='grc'>2.</span> <span class='ocrx_word' id='word_1_290' title='bbox 1861 3622 2015 3694; x_wconf 72' lang='lat' dir='ltr'>twus]</span> <span class='ocrx_word' id='word_1_291' title='bbox 2069 3622 2176 3676; x_wconf 91' lang='lat' dir='ltr'>mit</span> <span class='ocrx_word' id='word_1_292' title='bbox 2226 3622 2588 3679; x_wconf 84' lang='lat' dir='ltr'>Nachdruck:</span> <span class='ocrx_word' id='word_1_293' title='bbox 2649 3625 2808 3679; x_wconf 81' lang='lat' dir='ltr'>‘dein</span> 
     </span>
     <span class='ocr_line' id='line_1_35' title="bbox 449 3690 2805 3768; baseline 0.003 -23"><span class='ocrx_word' id='word_1_294' title='bbox 449 3690 565 3745; x_wconf 89' lang='lat' dir='ltr'>Der</span> <span class='ocrx_word' id='word_1_295' title='bbox 624 3691 734 3746; x_wconf 85' lang='lat' dir='ltr'>Stil</span> <span class='ocrx_word' id='word_1_296' title='bbox 787 3692 937 3760; x_wconf 78' lang='lat' dir='ltr'>zeigt</span> <span class='ocrx_word' id='word_1_297' title='bbox 990 3693 1115 3748; x_wconf 89' lang='lat' dir='ltr'>eine</span> <span class='ocrx_word' id='word_1_298' title='bbox 1165 3692 1430 3748; x_wconf 89' lang='lat' dir='ltr'>Vorliebe</span> <span class='ocrx_word' id='word_1_299' title='bbox 1484 3692 1576 3747; x_wconf 71' lang='lat' dir='ltr'>fiir</span> <span class='ocrx_word' id='word_1_300' title='bbox 1684 3693 1928 3762; x_wconf 85' lang='lat' dir='ltr'>eigener,</span> <span class='ocrx_word' id='word_1_301' title='bbox 1947 3693 2373 3763; x_wconf 74' lang='lat' dir='ltr'>personlicher’.</span> <span class='ocrx_word' id='word_1_302' title='bbox 2395 3726 2462 3735; x_wconf 91' lang='lat'>—</span> <span class='ocrx_word' id='word_1_303' title='bbox 2481 3696 2805 3768; x_wconf 77' lang='lat' dir='ltr'>intestinus]</span> 
     </span>
     <span class='ocr_line' id='line_1_36' title="bbox 451 3759 2807 3838; baseline 0.002 -22"><span class='ocrx_word' id='word_1_304' title='bbox 451 3763 553 3817; x_wconf 87' lang='lat' dir='ltr'>das</span> <span class='ocrx_word' id='word_1_305' title='bbox 588 3759 1040 3819; x_wconf 76' lang='lat' dir='ltr'>Altertfimliche.</span> <span class='ocrx_word' id='word_1_306' title='bbox 1685 3764 2038 3820; x_wconf 87' lang='lat' dir='ltr'>domesticus.</span> <span class='ocrx_word' id='word_1_307' title='bbox 2079 3796 2146 3805; x_wconf 97' lang='lat'>—</span> <span class='ocrx_word' id='word_1_308' title='bbox 2182 3767 2409 3820; x_wconf 74' lang='lat' dir='ltr'>honores</span> <span class='ocrx_word' id='word_1_309' title='bbox 2452 3768 2658 3838; x_wconf 77' lang='lat' dir='ltr'>omnes]</span> <span class='ocrx_word' id='word_1_310' title='bbox 2714 3767 2807 3821; x_wconf 92' lang='lat' dir='ltr'>die</span> 
     </span>
    </p>

    <p class='ocr_par' dir='ltr' id='par_1_9' title="bbox 450 3833 2952 4576">
     <span class='ocr_line' id='line_1_37' title="bbox 527 3833 2809 3915; baseline 0.003 -28"><span class='ocrx_word' id='word_1_311' title='bbox 527 3839 574 3887; x_wconf 92' lang='lat'>1.</span> <span class='ocrx_word' id='word_1_312' title='bbox 596 3849 707 3903; x_wconf 75' lang='lat' dir='ltr'>pro</span> <span class='ocrx_word' id='word_1_313' title='bbox 732 3850 793 3889; x_wconf 80' lang='lat' dir='ltr'>eo</span> <span class='ocrx_word' id='word_1_314' title='bbox 821 3834 909 3904; x_wconf 84' lang='lat' dir='ltr'>ac]</span> <span class='ocrx_word' id='word_1_315' title='bbox 940 3833 1030 3887; x_wconf 68' lang='lat' dir='ltr'>fur</span> <span class='ocrx_word' id='word_1_316' title='bbox 1057 3835 1159 3889; x_wconf 85' lang='lat' dir='ltr'>das</span> <span class='ocrx_word' id='word_1_317' title='bbox 1189 3833 1469 3915; x_wconf 72' lang='lat' dir='ltr'>gewohnl.</span> <span class='ocrx_word' id='word_1_318' title='bbox 1493 3841 1573 3892; x_wconf 78' lang='lat' dir='ltr'>ut.</span> <span class='ocrx_word' id='word_1_319' title='bbox 1683 3852 1859 3904; x_wconf 83' lang='lat' dir='ltr'>ganze</span> <span class='ocrx_word' id='word_1_320' title='bbox 1879 3835 2809 3894; x_wconf 57' lang='lat' dir='ltr'>amtlicheWirksamkeih—in</span> 
     </span>
     <span class='ocr_line' id='line_1_38' title="bbox 451 3901 2805 3978; baseline 0.003 -21"><span class='ocrx_word' id='word_1_321' title='bbox 451 3901 615 3958; x_wconf 87' lang='lat' dir='ltr'>Auch</span> <span class='ocrx_word' id='word_1_322' title='bbox 659 3903 754 3959; x_wconf 90' lang='lat' dir='ltr'>bei</span> <span class='ocrx_word' id='word_1_323' title='bbox 802 3905 1012 3960; x_wconf 91' lang='lat' dir='ltr'>Cicero.</span> <span class='ocrx_word' id='word_1_324' title='bbox 1088 3906 1253 3961; x_wconf 75' lang='lat' dir='ltr'>Catil.</span> <span class='ocrx_word' id='word_1_325' title='bbox 1290 3906 1383 3963; x_wconf 91' lang='lat' dir='ltr'>IV.</span> <span class='ocrx_word' id='word_1_326' title='bbox 1422 3913 1473 3963; x_wconf 90' lang='grc'>2.</span> <span class='ocrx_word' id='word_1_327' title='bbox 1515 3913 1574 3961; x_wconf 81' lang='lat'>3:</span> <span class='ocrx_word' id='word_1_328' title='bbox 1682 3908 1797 3961; x_wconf 77' lang='lat' dir='ltr'>illis</span> <span class='ocrx_word' id='word_1_329' title='bbox 1843 3907 2029 3978; x_wconf 78' lang='lat' dir='ltr'>rebus]</span> <span class='ocrx_word' id='word_1_330' title='bbox 2077 3909 2129 3961; x_wconf 89' lang='lat' dir='ltr'>d.</span> <span class='ocrx_word' id='word_1_331' title='bbox 2178 3909 2213 3960; x_wconf 90' lang='lat' dir='ltr'>i.</span> <span class='ocrx_word' id='word_1_332' title='bbox 2260 3908 2319 3962; x_wconf 88' lang='lat' dir='ltr'>in</span> <span class='ocrx_word' id='word_1_333' title='bbox 2365 3909 2493 3962; x_wconf 89' lang='lat' dir='ltr'>dem</span> <span class='ocrx_word' id='word_1_334' title='bbox 2538 3909 2805 3965; x_wconf 90' lang='lat' dir='ltr'>Verluste</span> 
     </span>
     <span class='ocr_line' id='line_1_39' title="bbox 451 3974 2808 4051; baseline 0.003 -22"><span class='ocrx_word' id='word_1_335' title='bbox 451 3974 605 4029; x_wconf 85' lang='lat' dir='ltr'>Nam</span> <span class='ocrx_word' id='word_1_336' title='bbox 645 3977 889 4044; x_wconf 77' lang='lat' dir='ltr'>primum</span> <span class='ocrx_word' id='word_1_337' title='bbox 934 3978 1093 4031; x_wconf 82' lang='lat' dir='ltr'>debeo</span> <span class='ocrx_word' id='word_1_338' title='bbox 1137 3994 1356 4047; x_wconf 65' lang='lat' dir='ltr'>speram</span> <span class='ocrx_word' id='word_1_339' title='bbox 1396 3994 1578 4033; x_wconf 77' lang='lat' dir='ltr'>ommes</span> <span class='ocrx_word' id='word_1_340' title='bbox 1676 3977 1840 4047; x_wconf 84' lang='lat' dir='ltr'>jener</span> <span class='ocrx_word' id='word_1_341' title='bbox 1884 3977 2084 4047; x_wconf 86' lang='lat' dir='ltr'>Dinge.</span> <span class='ocrx_word' id='word_1_342' title='bbox 2132 4009 2199 4018; x_wconf 96' lang='lat'>—</span> <span class='ocrx_word' id='word_1_343' title='bbox 2246 3980 2460 4051; x_wconf 80' lang='lat' dir='ltr'>callere]</span> <span class='ocrx_word' id='word_1_344' title='bbox 2511 3981 2612 4035; x_wconf 81' lang='lat' dir='ltr'>das</span> <span class='ocrx_word' id='word_1_345' title='bbox 2663 3981 2808 4036; x_wconf 85' lang='lat' dir='ltr'>Sim-</span> 
     </span>
     <span class='ocr_line' id='line_1_40' title="bbox 451 4046 2805 4118; baseline 0.003 -18"><span class='ocrx_word' id='word_1_346' title='bbox 451 4046 577 4100; x_wconf 78' lang='lat' dir='ltr'>deos</span> <span class='ocrx_word' id='word_1_347' title='bbox 616 4087 629 4100; x_wconf 92' lang='lat'><strong>.</strong></span> <span class='ocrx_word' id='word_1_348' title='bbox 670 4088 682 4100; x_wconf 90' lang='lat'><em>.</em></span> <span class='ocrx_word' id='word_1_349' title='bbox 717 4063 820 4116; x_wconf 82' lang='lat' dir='ltr'>pro</span> <span class='ocrx_word' id='word_1_350' title='bbox 848 4057 926 4102; x_wconf 81' lang='lat' dir='ltr'>&#39;eo</span> <span class='ocrx_word' id='word_1_351' title='bbox 967 4048 1102 4103; x_wconf 73' lang='lat' dir='ltr'>mihi</span> <span class='ocrx_word' id='word_1_352' title='bbox 1145 4065 1212 4104; x_wconf 84' lang='lat' dir='ltr'>ac</span> <span class='ocrx_word' id='word_1_353' title='bbox 1245 4065 1450 4104; x_wconf 81' lang='lat' dir='ltr'>mereor</span> <span class='ocrx_word' id='word_1_354' title='bbox 1483 4065 1570 4104; x_wconf 80' lang='lat' dir='ltr'>re-</span> <span class='ocrx_word' id='word_1_355' title='bbox 1678 4049 1809 4118; x_wconf 83' lang='lat' dir='ltr'>plex</span> <span class='ocrx_word' id='word_1_356' title='bbox 1862 4050 2037 4104; x_wconf 86' lang='lat' dir='ltr'>findet</span> <span class='ocrx_word' id='word_1_357' title='bbox 2090 4051 2210 4104; x_wconf 90' lang='lat' dir='ltr'>sich</span> <span class='ocrx_word' id='word_1_358' title='bbox 2254 4050 2315 4104; x_wconf 91' lang='lat' dir='ltr'>in</span> <span class='ocrx_word' id='word_1_359' title='bbox 2360 4050 2541 4106; x_wconf 85' lang='lat' dir='ltr'>dieser</span> <span class='ocrx_word' id='word_1_360' title='bbox 2587 4052 2805 4106; x_wconf 90' lang='lat' dir='ltr'>Bedeu-</span> 
     </span>
     <span class='ocr_line' id='line_1_41' title="bbox 452 4117 2809 4192; baseline 0.003 -23"><span class='ocrx_word' id='word_1_361' title='bbox 452 4117 665 4170; x_wconf 80' lang='lat' dir='ltr'>laturos</span> <span class='ocrx_word' id='word_1_362' title='bbox 725 4134 835 4173; x_wconf 79' lang='lat' dir='ltr'>esse</span> <span class='ocrx_word' id='word_1_363' title='bbox 894 4122 1150 4189; x_wconf 71' lang='lat' dir='ltr'>qratiam.</span> <span class='ocrx_word' id='word_1_364' title='bbox 1208 4151 1275 4160; x_wconf 97' lang='lat'>—</span> <span class='ocrx_word' id='word_1_365' title='bbox 1324 4122 1570 4192; x_wconf 75' lang='lat' dir='ltr'>yraviter</span> <span class='ocrx_word' id='word_1_366' title='bbox 1677 4123 1821 4189; x_wconf 78' lang='lat' dir='ltr'>tung</span> <span class='ocrx_word' id='word_1_367' title='bbox 1855 4119 1949 4175; x_wconf 89' lang='lat' dir='ltr'>bei</span> <span class='ocrx_word' id='word_1_368' title='bbox 1986 4120 2181 4175; x_wconf 88' lang='lat' dir='ltr'>Cicero</span> <span class='ocrx_word' id='word_1_369' title='bbox 2217 4122 2376 4176; x_wconf 88' lang='lat' dir='ltr'>nicht</span> <span class='ocrx_word' id='word_1_370' title='bbox 2412 4123 2574 4192; x_wconf 90' lang='lat' dir='ltr'>(aber</span> <span class='ocrx_word' id='word_1_371' title='bbox 2609 4123 2809 4192; x_wconf 68' lang='lat' dir='ltr'>haufig</span> 
     </span>
     <span class='ocr_line' id='line_1_42' title="bbox 451 4187 2806 4262; baseline 0.004 -21"><span class='ocrx_word' id='word_1_372' title='bbox 451 4187 786 4260; x_wconf 77' lang='lat' dir='ltr'>molesteque]</span> <span class='ocrx_word' id='word_1_373' title='bbox 869 4190 960 4243; x_wconf 66' lang='lat' dir='ltr'>fiir</span> <span class='ocrx_word' id='word_1_374' title='bbox 1041 4190 1193 4245; x_wconf 87' lang='lat' dir='ltr'>diese</span> <span class='ocrx_word' id='word_1_375' title='bbox 1271 4192 1574 4260; x_wconf 78' lang='lat' dir='ltr'>duplicitas</span> <span class='ocrx_word' id='word_1_376' title='bbox 1679 4189 1774 4245; x_wconf 89' lang='lat' dir='ltr'>bei</span> <span class='ocrx_word' id='word_1_377' title='bbox 1800 4191 2074 4261; x_wconf 83' lang='lat' dir='ltr'>Plautus),</span> <span class='ocrx_word' id='word_1_378' title='bbox 2112 4192 2313 4247; x_wconf 86' lang='lat' dir='ltr'>ebenso</span> <span class='ocrx_word' id='word_1_379' title='bbox 2350 4195 2537 4262; x_wconf 86' lang='lat' dir='ltr'>wenig</span> <span class='ocrx_word' id='word_1_380' title='bbox 2576 4196 2806 4262; x_wconf 70' lang='lat' dir='ltr'>confieri</span> 
     </span>
     <span class='ocr_line' id='line_1_43' title="bbox 451 4259 2807 4332; baseline 0.004 -20"><span class='ocrx_word' id='word_1_381' title='bbox 451 4259 724 4313; x_wconf 80' lang='lat' dir='ltr'>orationis</span> <span class='ocrx_word' id='word_1_382' title='bbox 767 4260 958 4315; x_wconf 89' lang='lat' dir='ltr'>finden</span> <span class='ocrx_word' id='word_1_383' title='bbox 1004 4260 1125 4315; x_wconf 90' lang='lat' dir='ltr'>sich</span> <span class='ocrx_word' id='word_1_384' title='bbox 1170 4263 1318 4317; x_wconf 89' lang='lat' dir='ltr'>noch</span> <span class='ocrx_word' id='word_1_385' title='bbox 1364 4263 1572 4317; x_wconf 86' lang='lat' dir='ltr'>andere</span> <span class='ocrx_word' id='word_1_386' title='bbox 1681 4266 1711 4327; x_wconf 69' lang='grc' dir='ltr'><strong>ἓ</strong></span> <span class='ocrx_word' id='word_1_387' title='bbox 1742 4268 1791 4329; x_wconf 85' lang='grc'>1,</span> <span class='ocrx_word' id='word_1_388' title='bbox 1827 4264 2060 4319; x_wconf 79' lang='lat' dir='ltr'>minoris</span> <span class='ocrx_word' id='word_1_389' title='bbox 2086 4265 2398 4319; x_wconf 76' lang='lat' dir='ltr'>existimare</span> <span class='ocrx_word' id='word_1_390' title='bbox 2425 4270 2456 4330; x_wconf 66' lang='lat'>5</span> <span class='ocrx_word' id='word_1_391' title='bbox 2486 4270 2538 4332; x_wconf 85' lang='grc'>2,</span> <span class='ocrx_word' id='word_1_392' title='bbox 2570 4267 2807 4321; x_wconf 77' lang='lat' dir='ltr'>circum-</span> 
     </span>
     <span class='ocr_line' id='line_1_44' title="bbox 451 4328 1985 4402; baseline 0.005 -19"><span class='ocrx_word' id='word_1_393' title='bbox 451 4328 734 4398; x_wconf 90' lang='lat' dir='ltr'>Beispiele</span> <span class='ocrx_word' id='word_1_394' title='bbox 779 4331 840 4384; x_wconf 88' lang='lat' dir='ltr'>in</span> <span class='ocrx_word' id='word_1_395' title='bbox 877 4331 1089 4386; x_wconf 89' lang='lat' dir='ltr'>diesem</span> <span class='ocrx_word' id='word_1_396' title='bbox 1128 4331 1329 4388; x_wconf 88' lang='lat' dir='ltr'>Briefe.</span> <span class='ocrx_word' id='word_1_397' title='bbox 1367 4365 1439 4374; x_wconf 92' lang='lat'><strong>—</strong></span> <span class='ocrx_word' id='word_1_398' title='bbox 1467 4350 1572 4402; x_wconf 78' lang='lat' dir='ltr'>per</span> <span class='ocrx_word' id='word_1_399' title='bbox 1681 4333 1832 4389; x_wconf 77' lang='lat' dir='ltr'>circa</span> <span class='ocrx_word' id='word_1_400' title='bbox 1869 4339 1899 4399; x_wconf 66' lang='grc' dir='ltr'>ἓ</span> <span class='ocrx_word' id='word_1_401' title='bbox 1935 4340 1985 4391; x_wconf 88' lang='grc'>4.</span> 
     </span>
     <span class='ocr_line' id='line_1_45' title="bbox 450 4401 1572 4471; baseline 0.003 -16"><span class='ocrx_word' id='word_1_402' title='bbox 450 4415 588 4471; x_wconf 71' lang='lat' dir='ltr'>quos</span> <span class='ocrx_word' id='word_1_403' title='bbox 618 4401 738 4471; x_wconf 63' lang='lat' dir='ltr'>eta]</span> <span class='ocrx_word' id='word_1_404' title='bbox 779 4401 891 4457; x_wconf 74' lang='lat' dir='ltr'>Der</span> <span class='ocrx_word' id='word_1_405' title='bbox 907 4401 1252 4459; x_wconf 77' lang='lat' dir='ltr'>Relativsatz</span> <span class='ocrx_word' id='word_1_406' title='bbox 1280 4404 1357 4459; x_wconf 75' lang='lat' dir='ltr'>ist</span> <span class='ocrx_word' id='word_1_407' title='bbox 1373 4420 1572 4459; x_wconf 75' lang='lat' dir='ltr'>voran-</span> 
     </span>
    </p>
   </div>
   <div class='ocr_carea' id='block_1_7' title="bbox 2960 2440 2965 3048">
    <p class='ocr_par' dir='ltr' id='par_1_10' title="bbox 2960 2440 2965 3048">
     <span class='ocr_line' id='line_1_46' title="bbox 2960 2440 2965 3048; baseline 0 0"><span class='ocrx_word' id='word_1_408' title='bbox 2960 2440 2965 3048; x_wconf 95' lang='lat' dir='ltr'> </span> 
     </span>
    </p>
   </div>
   <div class='ocr_carea' id='block_1_8' title="bbox 2957 2440 2967 3459">
    <p class='ocr_par' dir='ltr' id='par_1_11' title="bbox 2957 2440 2967 3459">
     <span class='ocr_line' id='line_1_47' title="bbox 2957 2440 2967 3459; baseline 0 0"><span class='ocrx_word' id='word_1_409' title='bbox 2957 2440 2967 3459; x_wconf 95' lang='lat' dir='ltr'> </span> 
     </span>
    </p>
   </div>
  </div>
 </body>
</html>
