3000 4917
453 219 582 283 162
1213 218 1350 275 Llss.
1388 219 1483 273 ΙΙΙ.
1547 217 1769 274 EPIST.
1814 225 1894 274 15.
1937 226 2020 274 16.

384 380 572 450 6Sed
619 382 769 465 plus
814 381 1004 467 faci0,
1050 404 1244 465 quam
1286 380 1597 447 Caninius
1644 383 2002 463 mandavit3
2045 382 2103 446 is
2141 383 2329 467 enim,
2376 383 2435 446 si
2474 382 2631 467 quid
2674 405 2801 468 ego

448 470 697 554 scirem,
743 475 1031 554 rogarat,
1079 470 1250 555 quod
1298 477 1371 536 tu
1417 471 1725 536 nescires:
1783 490 1905 555 ego
1952 471 2074 534 tibi
2121 493 2197 537 ea
2243 493 2463 555 nari-0,
2509 494 2681 556 quae
2729 477 2806 538 tu

444 560 677 624 melius
734 560 860 624 scis
917 582 1110 644 quam
1165 560 1333 643 ipse,
1392 560 1504 644 qui
1559 581 1770 624 narr0.
1861 558 2127 624 Faciam
2175 581 2327 645 ergo
2376 561 2564 643 illud,
2625 560 2803 643 quod

443 652 711 733 rogatus
759 670 920 733 sum,
967 654 1041 713 ut
1078 670 1319 734 eorum,
1367 670 1533 734 quae
1569 649 1882 732 temporis
1918 648 2114 713 huius
2151 649 2302 734 sint,
2348 671 2513 733 quae
2552 654 2610 714 te
2644 651 2809 715 seire

442 739 727 803 interesse
770 741 883 802 tua
928 738 1176 822 videro,
1222 758 1301 802 ne
1347 738 1502 821 quid
1548 737 1829 823 ignores,

1141 1073 1212 1138 P.
1258 1073 1654 1140 NIGIDIUS
1701 1073 1846 1139 FIG
1856 1073 2093 1140 ULUS.

619 1223 788 1282 Nach
832 1222 1028 1282 Varro
1076 1241 1200 1281 war
1245 1222 1523 1300 Nigidius
1567 1223 1820 1301 Figulus
1866 1222 1974 1281 der
2021 1212 2454 1282 bedentendste
2501 1221 2799 1283 Gelehrte

439 1312 642 1371 Roms.
733 1297 896 1370 Uber
960 1310 1122 1370 scine
1179 1310 1431 1370 Studien
1492 1315 1632 1389 sagt
1685 1310 1890 1372 Cicero
1952 1302 2132 1392 (Tim.
2185 1302 2298 1392 1.):
2361 1313 2477 1384 sivit
2539 1314 2638 1370 vir
2707 1314 2805 1371 ille

440 1419 571 1460 ewm
617 1403 814 1459 ceteris
848 1402 1091 1468 artibus,
1138 1418 1285 1473 quae
1329 1402 1557 1474 quidem
1603 1402 1810 1475 aliquae
1856 1402 2031 1460 libero
2078 1404 2277 1468 essent,
2325 1404 2568 1459 ornatas
2613 1403 2804 1461 onmi-

440 1487 572 1557 bus}
629 1494 750 1548 tum
794 1506 927 1548 acer
969 1491 1338 1563 investiyator
1385 1494 1436 1548 et
1480 1491 1722 1564 diliyens
1769 1507 1973 1549 earum
2014 1507 2238 1557 reram,
2295 1506 2441 1562 quae
2488 1507 2527 1548 a
2572 1495 2803 1550 natura

439 1579 728 1638 involutae
761 1579 1050 1638 videntur&
1110 1578 1375 1651 Denique
1418 1581 1502 1638 sie
1546 1580 1753 1646 iudice,
1788 1583 1927 1652 post
1969 1579 2098 1638 illos
2132 1578 2349 1637 nobiles
2385 1578 2804 1652 Pythaqoreos,

440 1685 686 1741 qaorum
729 1668 1040 1740 disciplima
1085 1670 1360 1727 exstincta
1406 1672 1487 1726 est
1531 1668 1963 1740 quodammode,
2011 1685 2140 1726 cum
2186 1668 2404 1740 aliquot
2446 1669 2692 1726 saecula
2740 1671 2804 1726 in

437 1757 626 1816 Italia
670 1755 980 1829 Siciliaque
1024 1757 1312 1834 viyuisset,
1356 1756 1509 1815 Imm
1545 1758 1838 1824 exstitisse,
1885 1758 1985 1829 qm·
2019 1756 2185 1815 illam
2218 1759 2538 1815 renovaret.
2620 1755 2802 1815 Scine

439 1845 815 1905 zahlreichen
862 1844 1162 1904 Schriften
1210 1844 1342 1904 sind
1386 1846 1661 1905 verloren
1707 1864 2042 1922 gegangen.
2114 1875 2190 1885 -
2257 1843 2368 1903 Boi
2414 1844 2521 1902 der
2566 1842 2798 1903 Unter-

440 1934 756 2011 drfickung
810 1934 918 1992 der
974 1933 1452 1992 catilinarischen
1508 1932 1991 2010 Verschworung
2045 1934 2215 1992 hatte
2281 1950 2347 1990 er
2404 1930 2614 1991 Cicero
2673 1933 2802 1992 bei·

439 2021 773 2100 gestanden
827 2021 950 2080 und
1004 2022 1296 2082 arbeitete
1352 2023 1506 2082 auch
1560 2023 1643 2081 im
1689 2022 1748 2082 J.
1797 2024 1879 2082 58
1938 2023 2027 2082 als
2071 2020 2289 2081 Prator
2339 2021 2438 2078 fiir
2484 2021 2604 2080 den
2650 2020 2806 2081 Ver-

440 2111 722 2171 bannten.
794 2111 905 2169 Als
933 2109 1329 2186 Pompejaner
1365 2110 1529 2171 lebte
1567 2130 1632 2170 er
1668 2112 1750 2170 im
1779 2111 1931 2171 Exil.
2004 2109 2090 2168 Er
2118 2109 2427 2170 wunschte
2458 2110 2806 2187 begnadigt

439 2220 511 2258 zu
557 2199 824 2277 werden,
871 2200 1036 2259 starb
1086 2198 1255 2277 aber,
1304 2201 1457 2260 ohne
1502 2200 1654 2258 Rom
1701 2200 2186 2277 wiedergesehen
2231 2219 2302 2257 zu
2347 2199 2560 2259 haben.

1321 2460 1680 2526 EPISTULA
1726 2459 1905 2525 XVI.

1347 2581 1455 2648 (Ad
1481 2582 1613 2636 fam.
1642 2581 1736 2636 IV.
1769 2584 1875 2652 13.)

1115 2707 1189 2763 M.
1230 2704 1486 2761 CICERO
1528 2704 1580 2760 S.
1619 2705 1685 2762 D.
1725 2705 1784 2760 P.
1822 2704 2110 2760 FIGULO.

380 2836 413 2899 1
618 2833 967 2910 Quaerenti
1014 2833 1173 2897 mihi
1210 2834 1342 2898 iam
1379 2833 1507 2916 diu,
1555 2833 1707 2917 quid
1748 2833 1828 2897 ad
1865 2836 1933 2897 te
1969 2832 2383 2917 potissimum
2422 2832 2794 2917 scriberem,

437 2945 571 2988 non
626 2923 818 2987 modo
876 2926 1053 2987 certa
1108 2944 1209 2987 res
1266 2922 1473 3005 nulla,
1531 2922 1642 2986 sed
1699 2944 1779 2985 ne
1836 2942 2038 3006 genus
2097 2921 2355 3005 quidem
2417 2921 2794 2986 litterarum

438 3011 753 3075 usitatum
811 3011 1111 3075 veniebat
1163 3011 1232 3074 in
1288 3014 1588 3075 mentem.
1690 3009 1903 3075 Unam
1965 3010 2132 3074 enim
2189 3015 2443 3094 partem
2505 3013 2572 3073 et
2638 3031 2794 3075 con-

440 3099 840 3164 suetudinem
915 3121 1133 3163 carum
1207 3099 1657 3183 epistularum,
1736 3099 1968 3183 quibus
2052 3099 2344 3163 secundis
2417 3099 2614 3162 rebus
2692 3099 2796 3163 uti

439 3188 834 3265 solebamuS,
888 3191 1146 3272 tempus
1203 3188 1557 3273 eripuerat,
1613 3188 2092 3272 perfeceratque
2148 3187 2438 3266 fortuna,
2493 3209 2574 3251 ne
2634 3187 2792 3271 quid

435 3275 560 3341 tibi
603 3277 737 3340 tale
783 3277 1058 3341 scribere
1106 3298 1363 3361 possem
1411 3280 1525 3340 aut
1572 3278 1831 3341 omnino
1881 3278 2187 3362 cogitare.
2267 3274 2793 3360 Relinquebatur

435 3367 624 3430 triste
682 3365 1002 3449 quoddam
1059 3370 1125 3429 et
1178 3366 1482 3429 miserum
1541 3369 1607 3429 et
1659 3366 1762 3430 his
1822 3363 2223 3450 temporibus
2278 3368 2790 3445 consentaneum

436 3476 641 3540 genus
706 3454 1094 3538 litterarum3
1159 3453 1224 3517 id
1284 3475 1536 3538 quoque
1600 3455 1940 3520 deficiebat
1992 3476 2120 3533 me,
2187 3454 2258 3518 in
2316 3475 2444 3537 quo
2502 3452 2788 3517 debebat

435 3629 591 3682 gung
635 3612 733 3666 des
781 3612 1003 3665 Staates
1051 3608 1353 3665 denselben
1395 3608 1558 3664 nicht
1667 3610 1805 3665 kehr
1861 3628 1960 3666 aus
2007 3610 2231 3679 Afrika,
2287 3610 2405 3664 also
2461 3610 2611 3664 nach
2661 3610 2789 3663 dem

475 3700 578 3738 anz
639 3682 919 3752 hingeben
974 3680 1357 3750 (abutamwr)?
1434 3680 1558 3735 Den
1665 3688 1750 3737 26.
1789 3681 2022 3752 August.

434 3701 714 3809 {riechen
777 3770 894 3808 war
957 3752 1048 3807 die
1113 3751 1558 3822 Beschaftigung
1739 3758 1785 3808 1.
1830 3753 2066 3822 partem]
2114 3750 2237 3806 hier
2283 3750 2390 3805 wie
2435 3750 2582 3806 auch
2631 3751 2790 3806 sonst

434 3825 541 3880 mit
575 3825 682 3880 den
711 3824 1194 3880 wissenschaften
1232 3823 1405 3879 allein
1432 3823 1556 3878 eine
1666 3823 1750 3878 oft
1793 3822 2299 3893 gleichbedeutend
2338 3821 2446 3875 mit
2481 3838 2678 3892 genus.
2717 3852 2785 3861 —

435 3896 766 3967 gentigende
813 3895 1301 3967 Lebensaufgabe‚
1354 3897 1556 3950 anders
1664 3895 2127 3966 consuetudinem]
2220 3895 2310 3948 die
2395 3893 2785 3962 ‘gewohnte

433 3966 660 4023 urteilte
706 3967 805 4021 der
839 3967 1067 4034 Romen
1115 3967 1227 4035 vgl.
1269 3966 1338 4021 de
1385 3966 1474 4022 off.
1514 3966 1554 4021 Ι.
1667 3965 1921 4035 Form’3
1975 3973 2025 4022 et
2078 3967 2180 4020 hat
2233 3964 2401 4020 dabei
2448 3962 2785 4019 erklarende

436 4045 483 4093 9.
516 4044 601 4093 28.
631 4069 698 4078 —
730 4038 981 4109 royarat]
1020 4055 1094 4092 sc.
1132 4040 1197 4091 ut
1235 4038 1551 4092 scriberem.
1660 4036 2019 4107 Bedeutung:
2049 4039 2166 4092 und
2188 4052 2366 4102 mear,-
2403 4036 2517 4104 vgl.
2537 4054 2584 4088 z.
2604 4034 2674 4089 H.
2697 4040 2783 4089 23.

434 4108 633 4179 narro]
672 4127 714 4164 s.
751 4128 793 4163 z.
833 4108 926 4164 ΙΙΙ.
967 4113 1015 4163 5.
1057 4115 1113 4163 7:
1150 4125 1368 4164 narras.
1661 4113 1711 4162 4.
1732 4139 1800 4149 —
1820 4111 1884 4162 in
1911 4125 2017 4178 quo
2042 4109 2263 4164 debebat
2289 4107 2410 4178 ete.]
2442 4106 2515 4162 So
2536 4105 2788 4161 schreibt

1661 4198 1721 4235 er
1772 4180 1917 4234 auch
1962 4196 2034 4234 an
2082 4180 2188 4233 den
2236 4177 2608 4249 Pompejaner
2651 4175 2785 4231 Tre-

1660 4250 1880 4317 bianus,
1917 4250 2015 4305 der
2053 4249 2327 4305 ebenfalls
2363 4246 2783 4303 zun‘ickzukeh-

507 4319 686 4373 Ensr.
725 4318 868 4374 XVI.
916 4322 1058 4388 (708.
1091 4323 1202 4390 46.)
1255 4320 1366 4375 Der
1401 4320 1560 4374 Brief
1658 4338 1759 4376 ren
1794 4321 2100 4388 wiinschte‚
2139 4319 2290 4376 Fam.
2319 4318 2414 4375 VI.
2448 4326 2530 4374 10.
2561 4324 2621 4373 4:
2659 4320 2782 4373 An-

433 4390 516 4444 ist
549 4388 911 4459 geschrieben
949 4392 1094 4445 nach
1131 4390 1329 4445 Casars
1365 4390 1550 4445 Rfiok-
1659 4398 1747 4448 tea
1782 4393 2044 4448 misissem
2081 4393 2156 4447 ad
2192 4397 2241 4447 te
2269 4393 2496 4460 litteras,
2531 4391 2584 4445 si
2608 4405 2784 4460 yenus
