3000 4917
1126 204 1200 258 M.
1237 202 1550 258 PORCIUS
1588 202 1793 260 CATO.
2508 205 2629 269 131

282 366 631 430 verborum
677 365 964 449 pondera
1008 366 1263 450 putavi,
1318 370 1390 430 ut
1442 388 1576 432 uno
1630 368 1829 432 verbo
1887 370 2000 431 tuo
2056 389 2200 433 cum
2249 390 2394 432 mea
2442 369 2633 434 laude

284 456 635 520 coniuncto
697 454 915 520 omnia
971 457 1228 540 assequi
1298 477 1401 519 me
1466 456 1845 541 arbitrarer3
1897 460 1963 521 te
2019 456 2291 541 denique
2347 458 2631 538 memini,

284 565 436 607 cum
484 544 736 608 cuidam
786 544 1142 609 clarissimo
1190 546 1385 629 atque
1434 545 1684 629 optimo
1730 546 1869 610 viro
1918 545 2456 630 supplicationem
2501 568 2634 611 non

287 633 688 716 decerneres,
734 631 943 697 dicere
988 636 1051 697 te
1091 632 1508 712 decreturum,
1558 635 1613 698 si
1649 634 1996 699 referretur
2033 634 2117 700 ob
2156 656 2265 699 eas
2302 657 2422 712 res,
2471 658 2632 720 quas

279 721 358 784 is'
393 721 622 786 consul
668 721 736 786 in
780 722 939 786 urbe
987 723 1324 808 gessisset3
1378 726 1449 786 tu
1507 723 1677 786 idem
1733 723 1895 787 mihi
1942 723 2482 808 supplicationem
2530 725 2633 788 de-

279 811 550 875 crevisti
597 814 827 894 togato
838 861 855 893 ,
900 832 1048 895 non,
1094 815 1170 874 ut
1215 811 1458 895 multis,
1502 833 1573 875 re
1618 812 1877 896 publica
1923 812 2085 876 bene
2132 818 2336 897 gesta,
2383 813 2511 894 sed,
2555 817 2631 876 ut

278 899 560 981 nemini,
624 920 695 963 re
750 899 1010 983 publica
1065 904 1461 965 conservata.

276 988 596 1071 pericula,
654 987 825 1072 quod
882 1010 1102 1053 omnes
1160 1010 1339 1053 meas
1393 992 1816 1073 tempestates
1873 993 1939 1055 et
1994 990 2267 1054 subieris
2315 997 2381 1055 et
2425 991 2630 1054 multo

277 1077 485 1140 etiam
545 1077 785 1161 magis,
843 1077 898 1141 si
951 1098 1068 1162 per
1121 1099 1223 1141 me
1279 1077 1598 1162 licuisset,
1655 1079 1872 1143 subire
1905 1080 2368 1180 ‘paratissimus
2415 1078 2632 1161 fueris,

274 1165 456 1249 quod
512 1166 787 1250 denique
841 1165 1174 1231 inimicum
1237 1188 1447 1231 meum
1505 1171 1692 1233 tuum
1737 1168 2066 1232 inimicum
2115 1168 2395 1252 putaris,
2450 1168 2629 1232 cuius

279 1255 486 1318 etiam
524 1254 879 1337 interitum,
914 1258 988 1318 ut
1025 1254 1215 1319 facile
1253 1256 1715 1341 intellegerem,
1752 1256 1913 1320 mihi
1949 1260 2264 1341 quantum
2292 1257 2631 1341 tribueres,

271 1342 551 1407 Milonis
602 1364 795 1408 causa
841 1344 909 1406 in
956 1348 1186 1408 senatu
1235 1344 1635 1410 defendenda
1681 1346 2079 1429 approbaris.
2159 1347 2215 1409 A
2266 1367 2368 1408 me
2416 1352 2630 1409 autem

279 1432 450 1495 haec
508 1432 1027 1516 suntprofecta,
1084 1454 1247 1516 quae
1295 1454 1415 1518 ego
1462 1435 1530 1499 in
1578 1434 1874 1499 beneficii
1918 1435 2060 1498 loco
2106 1456 2238 1499 non
2280 1455 2473 1518 pono,
2519 1435 2629 1498 sed

267 1520 357 1583 in
404 1520 542 1585 veri
586 1520 945 1585 testimonii
991 1525 1181 1606 atque
1228 1522 1475 1606 iudicii,
1529 1527 1604 1586 ut
1656 1522 2249 1606 praestantissimas
2307 1526 2452 1587 tuas
2506 1524 2629 1586 vir-

275 1612 459 1673 tutes
508 1630 640 1674 non
684 1610 922 1674 tacitus
971 1610 1341 1694 admirarer,
1385 1647 1458 1657 —
1505 1613 1647 1697 quis
1694 1613 1866 1675 enim
1912 1613 1981 1675 in
2026 1616 2091 1676 te
2138 1612 2203 1674 id
2250 1633 2382 1677 non
2427 1612 2628 1677 facit?

270 1734 374 1744 -—
446 1697 560 1762 sed
623 1698 692 1762 in
760 1699 1059 1763 omnibus
1127 1700 1553 1784 orationibus,
1629 1701 1964 1764 sententiis
2031 1699 2342 1784 dicendis,
2416 1702 2627 1764 causis

271 1787 584 1871 agendiS,
667 1787 967 1851 omnibus
1041 1788 1327 1871 scriptiS,
1409 1788 1674 1854 Graecis
1746 1788 2031 1892 Latinis,
2105 1789 2281 1854 omni
2356 1789 2629 1873 denique

267 1876 596 1939 varietate
654 1875 1024 1940 litterarum
1081 1898 1370 1941 mearum
1425 1881 1491 1941 te
1546 1900 1674 1943 non
1732 1878 1924 1942 modo
1980 1878 2090 1959 iis,
2145 1898 2306 1961 quos
2362 1879 2628 1942 vidisse-

273 1986 461 2048 mus,
506 1964 618 2028 sed
665 1965 775 2048 iis,
823 1965 899 2029 de
948 1965 1180 2048 quibus
1229 1967 1663 2052 audissemuS,
1709 1967 2009 2032 omnibus
2057 1966 2457 2031 anteferrem.

1551 899 1776 985 Mitto,
1835 901 2004 985 quod
2059 901 2400 981 invidiam,
2456 902 2627 984 quod
2653 903 2735 965 12

461 2051 741 2128 Quaeres
806 2054 1112 2139 fortasse,
1176 2056 1327 2139 quid
1394 2057 1512 2137 sit,
1589 2055 1761 2140 quod
1827 2078 1956 2158 ego
2012 2055 2138 2120 hoc
2197 2055 2412 2120 nescio
2479 2054 2629 2140 quid
2655 2055 2734 2120 13

280 2141 747 2227 gratulationis
795 2146 861 2206 et
904 2143 1171 2208 honoris
1219 2166 1258 2208 a
1305 2149 1532 2209 senatu
1579 2146 1748 2209 tanti
1796 2145 2151 2209 aestimem.
2234 2144 2449 2229 Agam
2496 2147 2628 2208 iam

267 2240 489 2295 tecum
548 2231 979 2310 familiariter,
1035 2237 1110 2296 ut
1167 2237 1267 2297 est
1322 2237 1388 2297 et
1432 2234 1662 2298 studiis
1711 2238 1776 2297 et
1823 2233 2053 2299 officiis
2099 2234 2341 2298 nostris
2390 2234 2628 2297 mutuis

278 2323 353 2383 et
400 2341 652 2383 summa
697 2320 985 2384 amicitia
1032 2320 1300 2406 dignum
1346 2326 1412 2386 et
1451 2322 1929 2387 necessitudine
1968 2322 2161 2386 etiam
2200 2328 2485 2405 paterna.
2561 2319 2628 2386 Si

280 2407 633 2492 quisquam
678 2408 805 2486 fuit
851 2431 1131 2493 unquam
1180 2414 1467 2476 remotus
1517 2416 1581 2476 et
1624 2415 1860 2475 natura
1907 2414 1970 2474 et
2016 2411 2227 2495 magis
2276 2412 2499 2492 etiam,
2553 2413 2628 2474 ut

271 2497 445 2561 mihi
503 2495 758 2581 quidem
819 2498 1059 2562 sentire
1113 2498 1361 2583 videor,
1417 2501 1670 2565 ratione
1727 2502 1919 2584 atque
1977 2498 2271 2564 doctrina
2321 2499 2401 2562 ab
2449 2498 2628 2564 inani

274 2672 506 2726 cuidam
543 2712 556 2725 .
597 2672 808 2740 .virol
799 2672 893 2740 ld.
930 2671 967 2727 i.
1005 2673 1133 2727 dem
1169 2671 1229 2728 P.
1270 2671 1401 2728 Cor·
1510 2673 1732 2729 fliehen.
1753 2703 1818 2714 —
1841 2675 1999 2730 cuius
2021 2673 2331 2753 interitum]
2369 2671 2469 2724 Als
2501 2671 2627 2726 Clo-

265 2741 458 2797 nelias
486 2741 757 2797 Lentulus
785 2742 822 2798 S
864 2742 1068 2811 inther,
1108 2742 1191 2798 als
1220 2744 1404 2800 dieser
1512 2746 1681 2799 dius
1663 2764 1743 2799 im
1764 2745 1814 2799 J.
1845 2749 1912 2799 62
1942 2744 2116 2798 durch
2134 2742 2273 2798 Milo
2302 2742 2628 2811 erschlagen

267 2815 368 2868 fiir
415 2815 564 2869 seine
611 2812 785 2895 Krieg
789 2761 1068 2882 stiliaten,
1087 2814 1178 2869 die
1222 2831 1281 2869 er
1316 2816 1402 2870 als
1509 2816 1751 2884 worden,
1789 2819 1906 2870 trat
1933 2815 2073 2871 Cato
2099 2814 2189 2869 fur
2218 2816 2326 2869 den
2357 2815 2627 2869 letzteren

275 2884 597 2939 Prokonsul
661 2883 723 2939 in
747 2831 1038 2940 gCilicien
1066 2885 1400 2955 vollbracht,
1507 2888 1586 2941 im
1626 2887 1830 2942 Senate
1867 2885 1980 2940 auf.
2019 2918 2084 2928 -
2123 2887 2187 2940 in
2212 2887 2286 2958 tc]
2320 2904 2363 2942 s.
2393 2905 2437 2938 z.
2465 2886 2510 2939 Ι
2542 2891 2626 2941 18.

285 2956 414 3010 eine
450 2957 784 3024 supplicatio
819 2955 1081 3011 forderte.
1120 2987 1187 2996 —-
1224 2959 1399 3012 decer-

270 3027 457 3098 neres]
508 3044 622 3081 von
668 3027 852 3081 einem
897 3026 1135 3082 Senator
1176 3028 1283 3082 wie
1328 3028 1397 3083 H.

273 3103 366 3151 11.
415 3104 466 3151 6
517 3129 585 3137 —
628 3115 767 3167 quas
805 3140 818 3153 .

272 3169 492 3223 seinem
511 3168 819 3223 Konsulate
840 3184 955 3222 war
976 3169 1198 3224 Ciceros
1212 3168 1399 3224 Rack-

268 3239 555 3310 berufung
574 3256 674 3294 aus
691 3238 1184 3310 derVerbannung
1199 3240 1396 3296 durch·

269 3311 497 3381 gesetzt
531 3310 772 3367 worden.
815 3342 879 3351 —-
917 3317 971 3367 to
1009 3312 1124 3383 ato]
1162 3313 1278 3366 Far
1308 3313 1397 3367 die

266 3381 748 3452 Unterdriickung
801 3383 902 3436 der

277 3453 557 3508 Catilinas
606 3453 885 3508 beschlol's
937 3453 1035 3508 der
1082 3453 1252 3509 Senat
1304 3455 1396 3509 ein

270 3524 631 3595 ffinftagiges
668 3523 973 3591 Dankfest,
1011 3524 1071 3577 in
1107 3524 1294 3580 Pison.
1342 3532 1393 3581 3.

270 3602 333 3650 62
370 3596 508 3650 mim
534 3601 716 3666 toyato
750 3601 970 3651 senatus
996 3612 1128 3663 non,
1164 3602 1231 3652 ut
1254 3598 1393 3651 mul-

267 3668 362 3733 tis,
402 3668 532 3722 bene
565 3671 734 3738 qesta,
768 3667 882 3734 sed,
918 3672 981 3721 ut
1007 3668 1231 3736 nemini,
1266 3684 1391 3722 con-

268 3744 490 3793 servata
539 3755 599 3793 re
624 3739 857 3807 publica
893 3739 1170 3809 singulari
1203 3755 1394 3810 genere

266 3810 697 3880 supplicationis
740 3811 964 3864 deorum
1000 3811 1393 3864 immortalium

267 3880 474 3949 templa
500 3883 778 3950 patefecit.

1004 3384 1398 3467 erechworung

419 4022 667 4089 .,Mitto
696 4022 883 4091 q.wod
915 4021 1214 4103 .subieris]
1243 4022 1390 4076 Hau-

268 4094 412 4162 figer
455 4092 609 4148 steht
643 4093 703 4146 in
741 4093 840 4146 der
874 4064 1199 4174 praeteritio
1235 4095 1391 4148 mitto

269 4165 378 4218 mit
404 4163 590 4219 einem
610 4163 876 4232 Infinitiv,
905 4162 1012 4218 wie
1040 4165 1235 4231 dicere,
1255 4164 1392 4217 oder

269 4235 376 4290 mit
410 4236 597 4290 einem
627 4234 948 4290 Accusativ.
988 4265 1055 4275 --
1091 4236 1144 4289 si
1170 4252 1275 4304 per
1309 4252 1392 4290 me

269 4307 536 4389 licuisset]
586 4306 638 4361 d.
678 4306 733 4360 h.
772 4322 934 4360 wenn
969 4305 1062 4360 ich
1099 4305 1227 4360 dem
1265 4305 1389 4360 Clo·

270 4377 397 4431 dius
428 4378 969 4448 entgegengetreten
995 4381 1142 4432 ware
1164 4379 1305 4432 statt
1321 4396 1392 4431 zu

1513 2965 1595 3013 17.
1625 2989 1693 2998 —
1721 2959 1985 3013 varietate
2020 2957 2353 3039 litterarum]
2389 2956 2447 3012 in
2476 2958 2628 3011 allen

1508 3030 1730 3084 meinen
1808 3028 2281 3110 mannigfaltigen
2357 3027 2626 3084 litterari-

907 3098 1175 3170 9essisset]
1224 3100 1402 3154 Unter
1512 3101 1683 3155 seben
1718 3098 2012 3166 Arbeiten·
2056 3099 2379 3169 vgl.1.29.
2422 3107 2478 3155 1.
2534 3116 2627 3168 op-

1504 3178 1647 3240 port.
1684 3188 1771 3240 op.

1583 3248 1664 3300 13.
1701 3244 1801 3298 hoc
1836 3243 2015 3297 nescio
2050 3242 2211 3324 quid]
2241 3258 2336 3295 zur
2364 3242 2625 3296 Bezeich-

1505 3333 1659 3383 nung
1675 3313 1775 3368 der
1790 3311 2164 3383 Geringfi'igig
2165 3312 2288 3367 keit
2303 3313 2402 3366 der
2417 3311 2624 3366 Sache.

1506 3384 1661 3439 diese
1707 3383 2136 3438 unbedeutende
2185 3384 2320 3438 oder
2364 3384 2465 3437 das
2504 3381 2625 3436 Bis·

1506 3458 1645 3511 chen
1682 3455 1855 3521 Ehre3
1906 3456 2019 3524 vgl.
2067 3460 2097 3520 6
2149 3460 2233 3510 14.
2274 3484 2339 3495 —
2377 3456 2625 3522 yratula-

1501 3529 1694 3598 tionis]
1745 3553 1813 3571 =
1861 3525 2309 3596 supplicationis,
2358 3524 2462 3578 wie
2502 3525 2621 3579 Cat

1499 3598 1595 3653 IV.
1633 3604 1663 3664 ξ
1701 3604 1786 3654 20.
1827 3628 1893 3638 —-
1931 3598 2153 3652 honoris
2199 3614 2237 3651 a
2271 3596 2488 3667 senatu]
2540 3597 2623 3649 Im

1500 3668 1875 3739 allgemeinen
1947 3668 2023 3722 ist
2076 3667 2169 3721 die
2223 3668 2622 3722 unmittelbare

1500 3740 1866 3809 Verbindung
1915 3739 2113 3794 zweier
2160 3739 2404 3792 Nomina
2447 3738 2624 3791 durch

1500 3812 1624 3865 eine
1679 3810 2033 3880 Praposition
2090 3810 2169 3864 im
2224 3808 2621 3863 Lateinischen

1501 3883 1773 3948 seltener3
1810 3898 1943 3935 man
1979 3880 2291 3950 gebraucht
2319 3880 2483 3933 dafur
2513 3881 2623 3933 den

1498 3951 1728 4008 Genitiv
1765 3953 1899 4007 oder
1926 3952 2026 4007 das
2056 3951 2322 4022 Adjektiv
2363 3950 2497 4005 oder
2525 3968 2620 4004 an·

1497 4024 1630 4077 dere
1658 4022 2124 4092 Verbindungen3
2164 4022 2309 4077 doch
2346 4020 2497 4075 kann
2529 4021 2620 4076 die

1496 4096 1727 4164 Prapos.
1783 4097 1949 4149 unter
1999 4094 2229 4149 anderrn
2281 4094 2478 4148 stehen
2524 4112 2620 4147 zur
2693 4156 2696 4159 v

1496 4163 1733 4234 Angabe
1764 4166 1862 4219 des
1885 4166 2219 4234 Ursprungs,
2247 4166 2355 4220 wie
2383 4165 2444 4219 in
2464 4166 2620 4219 homo

1497 4239 1564 4292 de
1590 4237 1761 4307 plebe.
1811 4235 1923 4290 Cic.
1961 4238 2023 4290 in
2056 4235 2205 4291 Verr.
2244 4235 2284 4291 1.
2317 4242 2400 4291 58.
2431 4267 2500 4276 —
2527 4253 2618 4291 ra·

1496 4310 1644 4363 tione
1688 4313 1739 4361 et
1784 4308 2063 4378 doctrina]
2122 4308 2296 4375 ratio,
2352 4304 2617 4377 μεθοὸος,

1498 4380 1660 4435 weist
1678 4376 1780 4432 auf
1795 4377 1903 4432 den
1929 4377 2433 4448 eingeschlagenen
2452 4376 2614 4444 Weg,

2116 4466 2191 4519 9*
