3000 4917
901 220 965 276 A.
1004 219 1332 274 MANLIUS
1370 219 1819 285 TORQUATUS.
2399 222 2523 285 191

187 385 587 469 exploratius
645 406 900 467 possem
955 384 1365 466 promittere3
1424 384 1501 447 iis
1564 384 1735 447 enim
1783 385 1973 447 rebus
2020 386 2529 468 praestabamUS,

188 495 352 559 quae
398 496 531 537 non
575 473 892 556 prodeunt
936 474 1004 536 in
1052 473 1278 555 aciem,
1334 495 1454 536 usu
1501 477 1718 535 autem
1767 494 2086 536 armorum
2137 477 2201 537 et
2247 475 2527 538 militum

187 565 426 627 robore
472 562 809 625 inferiores
856 584 1128 626 eramus
1206 561 1327 627 Sed
1375 565 1448 624 tu
1494 562 1679 624 illum
1728 562 2014 624 animum
2060 583 2230 625 nunc
2279 562 2529 644 adhibe,

186 673 458 735 quaese,
506 671 631 734 quo
680 672 781 714 me
828 653 965 714 tum
1013 672 1150 714 esse
1199 654 1493 735 oportere
1542 650 1867 714 censebas,

367 738 547 803 Haec
595 760 668 803 eo
719 738 966 822 scripsi,
1014 739 1182 822 quod
1232 738 1390 802 mihi
1428 737 1851 823 Philargyrus
1898 742 2046 802 tuus
2095 740 2312 803 omnia
2348 740 2425 804 de
2462 743 2589 808 teo

182 828 545 913 requirenti
590 827 964 891 fidelissimo
1018 829 1250 910 animo,
1297 832 1370 890 ut
1415 827 1578 890 mihi
1626 827 1881 911 quidem
1926 828 2102 891 visus
2142 832 2257 909 est,
2303 851 2528 892 narra-

184 919 284 983 vit
321 921 388 981 te
426 916 749 980 interdum
790 916 1140 980 sollicitum
1180 917 1388 980 solere
1428 938 1567 994 esse
1604 916 2075 980 vehementius:
2113 916 2280 999 quod
2320 917 2528 981 facere

186 1029 322 1072 non
390 1005 581 1068 debes
641 1026 759 1068 nee
820 1004 1144 1089 dubitare,
1209 1005 1365 1089 quin
1430 1007 1544 1068 aut
1609 1005 1824 1087 aliqua
1886 1026 1955 1067 re
2012 1004 2270 1086 publiea
2328 1005 2416 1069 sis
2473 1007 2528 1070 is

181 1096 472 1176 futuruS,
521 1094 630 1177 qui
676 1115 815 1157 esse
863 1093 1076 1176 debeS,
1126 1097 1238 1157 aut
1284 1093 1535 1177 perdita
1581 1115 1711 1157 non
1757 1092 2111 1157 adflictiore
2159 1094 2529 1159 condicione

184 1207 385 1268 quam
451 1183 662 1246 ceteri.
773 1181 913 1246 Hoc
979 1204 1128 1246 vero
1193 1187 1474 1266 temPUS,
1550 1203 1676 1265 quo
1751 1182 2103 1245 exanimati
2177 1204 2409 1254 omnes
2465 1189 2530 1248 et

183 1273 488 1355 suspensi
544 1292 789 1354 sumuS,
843 1271 968 1335 hoe
1023 1271 1450 1335 moderatiore
1500 1270 1714 1334 animo
1761 1270 1925 1333 ferre
1972 1271 2193 1353 debeS,
2250 1272 2421 1355 quod
2467 1277 2531 1336 et

179 1363 255 1426 in
304 1362 463 1424 urbe
511 1381 587 1423 ea
634 1380 728 1442 es,
784 1359 895 1422 ubi
939 1368 1092 1423 nata
1140 1364 1204 1422 et
1251 1361 1385 1423 alta
1433 1362 1534 1422 est
1577 1359 1747 1423 ratio
1796 1380 1871 1422 ae
1926 1359 2286 1424 moderatio
2339 1362 2530 1442 vitae,

183 1455 255 1515 et
312 1450 515 1513 habes
573 1446 705 1513 Ser.
755 1447 1112 1532 Sulpicium
1175 1485 1248 1493 —
1312 1470 1504 1531 quem
1562 1469 1815 1532 semper
1861 1449 2048 1511 unice
2096 1449 2380 1513 dilexisti
2433 1487 2531 1533 —,

183 1539 302 1624 qui
348 1543 413 1601 te
460 1537 753 1620 profecto
801 1541 866 1600 et
910 1537 1364 1601 benevolentia
1410 1540 1475 1599 et
1523 1537 1844 1618 sapientia
1898 1538 2294 1619 consolatur,
2350 1540 2530 1603 euius

183 1629 246 1693 si
303 1648 588 1691 essemus
646 1630 710 1690 et
766 1627 1218 1689 auctoritatem
1267 1629 1331 1689 et
1379 1625 1722 1689 consilium
1770 1626 1999 1706 secuti,
2054 1627 2266 1709 togati
2312 1628 2529 1711 potius

180 1716 560 1802 potentiam
608 1736 802 1800 quam
849 1717 1086 1778 armati
1129 1714 1468 1778 victoriam
1521 1714 1929 1777 subissemuS.

372 1803 496 1868 Sed
550 1803 711 1867 haee
766 1803 1061 1887 longiora
1113 1803 1393 1868 fortasse
1449 1802 1738 1885 fuerunt,
1803 1824 1997 1886 quam
2062 1825 2323 1885 necesse
2379 1804 2528 1886 fuit3
2555 1809 2588 1871 7

186 1895 328 1976 illa,
374 1915 539 1977 quae
585 1893 830 1956 maiora
877 1897 1045 1975 sunt,
1091 1893 1352 1956 brevius
1399 1912 1748 1974 exponam:
1796 1912 1914 1976 ego
1962 1891 2192 1976 habeo,
2239 1893 2341 1956 cui
2385 1894 2530 1975 plus

185 2005 390 2068 quam
463 1981 588 2045 tibi
663 1980 956 2065 debeam,
1028 1981 1351 2044 neminem
1417 2018 1499 2026 -—
1569 1980 1798 2063 quibus
1873 1984 2126 2044 tantum
2200 1981 2532 2065 debebam,

183 2076 505 2155 quantum
551 2074 622 2133 tu
668 2070 995 2154 intellegis
1007 2119 1025 2152 ,
1081 2091 1190 2134 eos
1249 2070 1442 2132 huius
1494 2069 1657 2132 mihi
1701 2068 1854 2132 belli
1903 2091 2087 2133 casus
2136 2069 2372 2153 eripuit
2420 2094 2528 2153 —3

186 2161 303 2245 qui
351 2158 473 2222 sim
523 2163 737 2222 autem
784 2159 908 2224 hoc
953 2164 1265 2241 tempore,
1310 2158 1640 2241 intellego,
1687 2159 1797 2221 sed
1844 2159 1994 2241 quia
2030 2181 2220 2223 nemo
2260 2163 2361 2223 est
2397 2162 2531 2223 tam

185 2248 510 2329 adflictus,
559 2247 730 2331 quin,
777 2249 833 2311 si
878 2247 1043 2311 nihil
1089 2247 1260 2311 aliud
1308 2247 1564 2311 studeat
1608 2247 1737 2310 nisi
1778 2247 1863 2327 id,
1912 2247 2081 2330 quod
2119 2249 2275 2330 agit,
2322 2248 2533 2331 possit

185 2358 431 2401 navare
472 2336 715 2419 aliquid
754 2342 819 2399 et
855 2337 1126 2418 efficere,
1173 2358 1361 2400 omne
1398 2358 1613 2399 meum
1661 2335 2022 2417 eonsilium,
2071 2358 2348 2419 operam,
2397 2341 2529 2400 stu-

189 2427 374 2490 dium
422 2428 620 2508 eerte,
665 2425 857 2488 velim
906 2425 1234 2489 existimes
1280 2424 1406 2488 tibi
1451 2424 1710 2507 tuisque
1756 2424 1978 2487 liberis
2037 2446 2176 2488 esse
2226 2425 2532 2489 debitum.

185 2616 420 2673 ahnlieh
484 2616 577 2670 III.
630 2622 715 2670 32.
767 2621 816 2670 3.
883 2648 948 2655 —-
1013 2617 1087 2671 iis
1147 2617 1306 2671 rebus

183 2688 421 2758 praest]
458 2688 702 2754 consilio,
740 2690 1083 2753 auctoritate,
1120 2703 1307 2742 causa.

187 2758 289 2814 III.
340 2765 422 2813 20.
470 2764 518 2812 2.
560 2790 624 2798 -
665 2757 769 2813 Sed
823 2761 907 2827 tu]
954 2759 1155 2812 nimmt
1200 2759 1308 2812 den

189 2829 324 2885 Satz
387 2830 567 2899 Atque
626 2831 756 2884 haec
818 2831 953 2884 mihi
1003 2831 1165 2885 scrib.
1212 2835 1306 2884 etc.

186 2902 400 2956 wieder
446 2900 553 2956 auf.
632 2901 943 2955 ‘Wahrend
988 2900 1081 2953 ich
1127 2901 1307 2955 dieses

188 2972 464 3039 schreibe,
492 2970 625 3026 faut
642 2972 749 3025 mir
769 2970 877 3038 ein,
898 2971 1020 3026 dass
1040 2971 1116 3025 du
1134 2971 1310 3026 selbst

186 3044 341 3099 mein
379 3044 594 3112 zogem
641 3043 755 3097 und
796 3043 945 3097 mein
981 3043 1308 3098 Misstrauen

185 3114 486 3182 tadeltest,
525 3143 594 3153 —
633 3145 692 3154 —-
738 3114 892 3183 zeige
940 3114 1013 3168 du
1060 3131 1174 3167 nun
1216 3112 1307 3167 die

190 3183 542 3255 Gesinnung,
581 3185 672 3239 die
709 3185 784 3239 du
820 3184 1035 3239 damals
1063 3202 1174 3240 von
1201 3184 1308 3238 mir

187 3255 578 3325 verlangtest’.
644 3255 928 3310 Zwisohen
967 3255 1157 3311 diesen
1192 3254 1307 3309 bei-

187 3327 302 3382 den
358 3327 668 3387 Gedanken
727 3328 869 3397 liegt
926 3327 1015 3382 die
1073 3326 1309 3381 Ausein-

187 3399 624 3466 andersetzung‚
685 3398 791 3452 wie
848 3414 907 3452 er
962 3397 1115 3468 (Cio.)
1173 3399 1309 3452 fiber

191 3469 308 3523 den
342 3460 516 3537 Krie³g
552 3469 796 3535 gedaeht
832 3470 946 3524 hat.
988 3500 1051 3509 —
1091 3469 1308 3539 adhibe]

191 3538 621 3608 bethatigen.
704 3540 764 3605 Q.
813 3540 878 3594 fr.
916 3539 1009 3594 ΙΙΙ.
1050 3546 1100 3594 8.
1140 3546 1198 3594 3:
1247 3541 1312 3594 de

188 3611 401 3664 virtute
436 3615 486 3663 et
517 3612 789 3677 gravitate
828 3610 1103 3677 Caesari-S,
1148 3627 1313 3680 quam

188 3682 259 3735 in
275 3695 482 3734 summo
497 3681 675 3736 dolore
689 3683 1041 3750 adhibuisset,
1057 3699 1312 3753 maynam

189 3768 262 3809 ex
278 3753 530 3876 Iepistula
546 3758 645 3808 tua
673 3755 791 3822 cepi
816 3754 1144 3822 voluptatem
1151 3776 1172 3820 ;
1198 3753 1311 3822 vgl.

189 3843 239 3879 z.
308 3865 321 3878 .
366 3828 447 3877 18.
489 3827 572 3878 28.

267 3973 316 4021 6.
395 3965 794 4036 Philaryyrus]
870 3965 1316 4034 Freigelassener

191 4036 293 4091 des
361 4036 694 4105 Torquatus
754 4068 821 4077 -—
878 4037 1069 4107 aliqua
1122 4053 1181 4091 re
1227 4036 1313 4107 μ]

188 4124 358 4163 wenn
419 4125 477 4162 es
524 4107 671 4162 noch
717 4107 878 4162 einen
926 4108 1088 4162 Staat
1132 4106 1313 4177 geben

189 4178 354 4234 wird.
385 4178 482 4236 ΠΙ.
514 4184 599 4233 20.
629 4185 690 4233 2:
727 4181 779 4233 si
813 4181 887 4234 sit
922 4180 1113 4248 aliqua
1147 4194 1231 4232 res
1251 4194 1312 4247 p.

191 4251 309 4304 Der
357 4249 483 4304 Abl.
523 4250 584 4302 in
628 4249 879 4318 gleioher
924 4250 1113 4306 Weise
1158 4250 1313 4303 Fam.

191 4322 261 4377 V.
308 4328 391 4376 16.
431 4327 488 4375 3:
530 4365 541 4376 .
584 4363 595 4376 .
645 4338 808 4390 quam
844 4323 893 4375 si
929 4323 1132 4377 eosdem
1170 4322 1316 4375 bono-1.

190 4398 301 4447 aut
344 4393 573 4462 denique
618 4394 813 4461 aliqua
847 4410 904 4447 re
931 4394 1162 4462 publica
1188 4408 1314 4460 per-

1412 2615 1692 2670 didissent.
1730 2645 1799 2654 —
1835 2616 1900 2668 in
1934 2616 2066 2669 urbe
2102 2617 2189 2686 ea]
2229 2616 2433 2669 Athen.
2465 2647 2529 2655 -

1412 2688 1561 2741 ratio
1590 2703 1656 2741 ac
1682 2686 1981 2741 moderatio
2006 2687 2175 2758 vitae]
2204 2685 2307 2740 Die
2326 2685 2531 2740 Moral-

1411 2756 1771 2826 philosophie
1813 2774 1928 2810 war
1963 2773 2075 2811 von
2114 2758 2379 2811 Sokrates
2415 2757 2534 2811 und

1415 2828 1605 2882 seinen
1628 2827 1898 2882 Sehfilern
1916 2827 2271 2897 ausgebildet
2290 2829 2530 2883 worden.

1414 2931 1483 2938 —
1523 2899 1681 2954 cuius
1716 2900 1767 2953 si
1803 2915 2031 2954 essemus
2057 2906 2150 2954 cet.
2218 2901 2323 2952 Zur
2353 2898 2532 2955 Saehe

1414 2971 1529 3039 vgl.
1559 2972 1732 3023 unten
1760 2968 2129 3025 SULPICIUS
2210 2971 2321 3025 bm.
2352 2970 2406 3026 S.
2431 2977 2532 3026 195

1414 3060 1465 3094 u.
1506 3040 1604 3094 ΙΙΙ.
1643 3047 1728 3094 31.
1770 3047 1816 3095 1.
1854 3060 1908 3096 u.
1946 3047 1994 3095 2.
2055 3073 2119 3081 —
2175 3043 2372 3165 toyatip
2421 3043 2535 3110 „im

1414 3111 1696 3166 Frieden“
1764 3128 1838 3166 sc.
1895 3113 2162 3167 Caesaris.
2254 3113 2382 3182 Vg.
2440 3114 2534 3168 III.

1416 3188 1497 3236 25.
1553 3188 1608 3236 5:
1671 3188 1801 3237 esset
1849 3184 1938 3238 hic
1983 3186 2199 3252 quidem
2245 3186 2429 3240 clarus
2473 3187 2536 3239 in

1417 3260 1560 3324 toya.

1490 3331 1539 3379 7.
1585 3326 1822 3395 maiora]
1878 3343 1993 3381 was
2041 3326 2131 3379 fiir
2178 3325 2269 3379 die
2317 3326 2536 3395 Begna—

1419 3395 1632 3465 digung
1667 3396 1765 3451 des
1802 3397 2084 3452 Freundes
2121 3395 2427 3466 geschieht.
2466 3426 2536 3436 —

1419 3469 1511 3521 cui
1537 3468 1670 3536 plus
1697 3468 1815 3538 eta]
1856 3487 1897 3525 s.
1918 3467 2146 3523 Vorbm.
2177 3468 2230 3521 S.
2255 3473 2356 3550 18·8
2386 3466 2533 3521 Schl.

1417 3568 1486 3664 ῖς
1507 3539 2064 3679 {samiam
2094 3539 2536 3678 {gaasar}

1418 3683 1509 3734 tus
1557 3680 1629 3733 ab
1669 3681 1835 3735 exilio
1873 3681 2071 3735 fuerat.
2108 3681 2409 3735 Manutius.
2466 3710 2535 3720 —

1420 3754 1518 3821 qui
1569 3753 1672 3806 sim
1717 3752 1834 3820 cet.]
1887 3751 2037 3805 Fam.
2087 3751 2178 3805 IV.
2230 3758 2310 3806 14.
2359 3758 2393 3805 4
2439 3753 2535 3821 (an

1422 3822 1729 3890 Plancius):
1776 3823 1864 3876 De
1908 3839 2027 3877 mea
2071 3823 2134 3877 in
2171 3827 2220 3877 te
2255 3823 2536 3877 voluntate

1420 3895 1500 3948 sic
1532 3895 1690 3948 velim
1720 3895 1949 3960 iudice&
1983 3910 2065 3948 me
2094 3936 2106 3949 .
2131 3936 2142 3948 .
2164 3935 2176 3948 .
2206 3910 2536 3962 quamquam

1423 3966 1660 4031 videam,
1697 3966 1812 4034 qui
1847 3965 1970 4019 sim
2005 3966 2120 4019 hoc
2156 3971 2443 4033 tempore
2478 3971 2537 4018 et

1423 4037 1587 4104 quid
1633 4038 1759 4104 (wie
1795 4036 2000 4104 wenig)
2046 4037 2325 4104 possim,
2371 4051 2537 4104 opera

1419 4113 1601 4161 tamen
1656 4112 1706 4161 et
1759 4108 1987 4162 consilio
1999 4148 2017 4175 ,
2076 4108 2259 4162 studio
2323 4109 2538 4176 quidem

1419 4184 1574 4244 certe,
1609 4180 1708 4244 rei,
1746 4180 1947 4246 famae,
1971 4179 2145 4233 saluti
2171 4183 2296 4233 tuae
2314 4185 2537 4247 praesto

1418 4251 1686 4316 futurum.
1745 4281 1812 4289 —
1865 4251 1915 4304 si
1950 4251 2093 4304 nihil
2128 4249 2308 4320 aliud]
2354 4249 2538 4305 ‘wenn

1422 4335 1481 4373 er
1544 4318 1655 4374 alle
1724 4318 2028 4375 Gedanken
2100 4338 2206 4375 nur
2275 4321 2377 4375 auf
2436 4322 2537 4375 das

1419 4390 1642 4459 riohtet,
1679 4408 1794 4446 was
1834 4409 1892 4446 er
1927 4391 2322 4462 beabsiohtigt.
