3000 4917
459 183 547 248 30
1307 181 1443 236 ΜΒ.
1482 183 1522 236 1.
1560 181 1783 237 EPIST.
1824 188 1872 237 6.
1915 189 1961 237 τ.

1367 450 1727 516 Ems'ruLA
1772 450 1884 515 VI.

1323 589 1432 659 (Ad
1469 591 1604 644 fam.
1642 588 1790 643 XIV.
1832 591 1938 659 18.)

503 727 809 785 TULLIUS
847 730 1270 786 TERENTIAE
1313 731 1500 786 SUAE
1538 730 1632 785 ΕΤ
1669 730 1913 786 PATER
1951 729 2436 785 SUAVISSIMAE
2475 731 2748 802 FILIAE,

915 800 1176 857 CICERO
1215 801 1449 857 MATRI
1486 801 1582 857 ET
1621 801 1887 857 SORORI
1927 803 1982 857 S.
2020 803 2086 858 D.
2125 801 2335 858 PLUR.

377 949 411 1013 1
632 945 1185 1012 Considerandum
1249 945 1434 1010 vobis
1500 947 1694 1010 etiam
1750 949 1944 1030 atque
2000 948 2225 1032 etiam,
2290 947 2544 1012 animae
2599 970 2806 1034 meae,

453 1036 792 1121 diligenter
836 1040 1025 1119 put0,
1080 1035 1231 1119 quid
1277 1034 1561 1113 faeiatiS,
1616 1034 1945 1099 Romaene
2005 1035 2181 1119 sitis,
2235 1058 2320 1100 an
2376 1057 2655 1121 mecum,
2713 1060 2807 1101 an

451 1125 669 1210 aliquo
715 1128 859 1189 tuto
906 1125 1073 1189 loco:
1120 1123 1185 1188 id
1232 1145 1367 1187 non
1411 1123 1622 1187 solum
1659 1145 1871 1187 meum
1911 1123 2249 1189 eonsilium
2287 1127 2402 1209 est,
2450 1125 2562 1189 sed
2601 1126 2804 1192 etiam

449 1218 755 1278 vestrum.
838 1212 1003 1276 Mihi
1049 1213 1314 1276 veniunt
1354 1211 1426 1276 in
1471 1215 1757 1276 mentem
1802 1211 1989 1277 haec:
2035 1211 2280 1278 Romae
2317 1234 2434 1277 vos
2472 1236 2612 1279 esse
2649 1220 2801 1280 tuto

449 1324 638 1386 posse
710 1322 827 1384 per
888 1300 1302 1366 Dolabellam
1375 1322 1642 1384 eamque
1713 1322 1850 1365 rem
1913 1322 2102 1383 posse
2165 1302 2355 1365 nobis
2420 1302 2800 1367 adiumento

450 1412 617 1474 esse,
680 1391 736 1454 si
800 1411 963 1474 quae
1026 1391 1127 1455 vis
1193 1394 1307 1454 aut
1372 1389 1428 1453 si
1491 1410 1654 1473 quae
1719 1390 1984 1474 rapinae
2048 1389 2187 1453 fieri
2253 1391 2611 1476 coeperint3
2683 1393 2802 1456 sed

448 1501 669 1543 rursus
717 1479 876 1542 illud
924 1500 1025 1542 me
1071 1478 1305 1562 mov'et,
1350 1478 1521 1561 quod
1567 1477 1751 1542 video
1800 1500 2023 1542 omnes
2072 1478 2277 1543 bonos
2315 1480 2545 1545 abesse
2581 1479 2799 1545 Roma

450 1570 515 1631 et
561 1588 669 1631 eos
718 1568 1015 1632 mulieres
1064 1589 1214 1632 suas
1264 1588 1479 1632 secum
1526 1566 1793 1650 habere3
1840 1567 1999 1631 haec
2045 1570 2262 1631 autem
2309 1569 2513 1653 regi0,
2559 1569 2629 1633 in
2666 1590 2805 1652 qua

449 1677 572 1741 ego
639 1678 810 1739 sum,
870 1660 1244 1721 nostrorum
1309 1659 1409 1719 est
1471 1677 1617 1720 cum
1682 1655 2082 1739 oppidorum,
2146 1660 2286 1720 tum
2352 1658 2551 1721 etiam
2616 1680 2806 1741 prae-

450 1745 722 1828 diorum,
768 1749 842 1810 ut
887 1749 954 1810 et
1001 1746 1277 1810 multum
1324 1765 1463 1809 esse
1500 1765 1752 1809 mecum
1791 1751 1873 1825 et,
1918 1766 2066 1809 cum
2103 1744 2412 1829 abieritis,
2459 1747 2801 1812 commode

367 1846 409 1910 2
446 1835 513 1898 in
559 1835 800 1899 nostris
848 1834 1128 1918 praediis
1176 1855 1317 1898 esse
1361 1832 1646 1918 possitis.
1737 1831 1900 1896 Mihi
1939 1834 2133 1917 plane
2169 1855 2304 1897 non
2341 1835 2502 1898 satis
2540 1839 2808 1901 constat

448 1923 685 2005 adhue,
740 1926 959 1987 utrum
1019 1922 1107 1986 sit
1163 1923 1419 1986 melius:
1474 1943 1592 1986 vos
1647 1921 1888 2005 videte,
1943 1922 2098 2006 quid
2153 1922 2318 1986 aliae
2372 1922 2620 1987 faciant
2667 1926 2805 1991 isto

445 2013 587 2076 loco
646 2010 955 2092 feminae,
1012 2013 1078 2074 et
1131 2033 1239 2093 ne,
1295 2027 1444 2075 cum
1485 2011 1730 2093 velitis,
1785 2012 1957 2074 exire
2002 2032 2138 2076 non
2182 2011 2391 2075 liceat.
2479 2012 2556 2077 Id
2602 2014 2804 2077 velim

445 2100 797 2185 diligenter
854 2100 1049 2165 etiam
1107 2103 1301 2183 atque
1358 2100 1557 2163 etiam
1611 2099 1947 2164 vobiscum
2003 2103 2069 2163 et
2122 2121 2266 2164 eum
2316 2100 2539 2165 amicis
2587 2102 2805 2167 eonsi-

445 2188 705 2253 deretis.
783 2187 1030 2254 Domus
1077 2192 1151 2252 ut
1196 2188 1687 2272 propugnacula
1733 2191 1799 2252 et
1844 2187 2241 2273 praesidium
2278 2189 2533 2273 habeat,
2579 2189 2804 2256 Philo·

444 2278 606 2343 timo
656 2277 908 2362 dicetis3
966 2282 1033 2344 et
1077 2277 1270 2341 velim
1317 2275 1694 2341 tabellarios
1740 2277 2102 2341 instituatis
2151 2280 2386 2360 certos,
2443 2282 2517 2342 ut
2561 2279 2801 2344 cotidie

444 2366 698 2451 aliquas
747 2389 785 2431 a
831 2366 1015 2432 vobis
1061 2365 1315 2430 litteras
1356 2366 1697 2449 accipiam3
1744 2366 2023 2429 maxime
2062 2371 2281 2430 autem
2323 2367 2470 2431 date
2509 2388 2800 2452 operam,

443 2461 518 2520 ut
565 2457 859 2541 valeatiS,
910 2456 966 2520 si
1010 2478 1132 2520 nos
1179 2454 1376 2519 vultis
1425 2455 1653 2519 valere.
1749 2472 1839 2518 lx.
1886 2454 2028 2519 Kal.
2074 2453 2368 2519 Formiis.

512 2718 691 2775 Emszr.
730 2719 824 2774 VI.
900 2721 1044 2789 (⁷05.
1081 2721 1193 2789 49.)
1259 2719 1373 2773 Der
1409 2717 1570 2773 Brief
1668 2749 1741 2759 —
1787 2717 2157 2788 Dolabellam]
2204 2716 2527 2784 Dolabella,
2573 2717 2795 2773 'Pulliae

440 2791 517 2845 ist
561 2793 641 2844 im
677 2791 932 2859 Anfange
982 2789 1081 2845 des
1123 2788 1563 2870 Bsirgerkrieges
1671 2788 1924 2853 Gemahl‚
1953 2804 2070 2842 war
2094 2786 2401 2857 Anhanger
2428 2787 2649 2857 Casars,
2676 2790 2800 2843 und

443 2860 838 2928 geschrieben,
905 2861 989 2914 als
1057 2859 1114 2915 C.
1178 2860 1287 2912 mit
1350 2858 1563 2914 seinem
1671 2861 1846 2913 durch
1891 2860 1992 2913 ihn
2027 2859 2205 2914 hoffte
2242 2858 2434 2913 Cicero
2471 2859 2596 2913 sein
2632 2861 2794 2915 Hans

444 2930 630 2985 Sohne
667 2932 727 2984 in
756 2929 1096 2999 Campanien
1131 2931 1335 2986 weilte.
1394 2929 1561 2996 (Einl.
1670 2932 1965 2998 geschfitzt
2000 2947 2067 2984 zu
2093 2930 2266 2984 sehen
2294 2931 2442 2985 beim
2469 2929 2799 2987 Einrficken

442 3019 488 3054 z.
508 3001 558 3054 J.
584 3005 725 3066 705.)
792 2999 1057 3056 Terentia
1092 3002 1208 3054 und
1243 2999 1429 3054 Tullia
1466 3001 1560 3058 be·
1670 3001 1769 3054 der
1842 2999 2305 3055 Casarianischen
2369 3000 2656 3058 Soldaten.
2726 3032 2797 3044 --

442 3072 651 3127 fanden
690 3069 810 3126 sich
847 3071 995 3126 noch
1033 3071 1089 3125 in
1130 3072 1300 3140 Rom,
1348 3072 1462 3125 und
1501 3069 1560 3126 Ο.
1668 3076 1977 3127 nostrorum
2049 3089 2173 3141 opp.
2213 3114 2226 3127 .
2271 3114 2283 3126 .
2321 3112 2334 3125 .
2365 3073 2588 3143 praed]
2661 3090 2794 3142 gen.

442 3159 560 3196 war
595 3143 1071 3209 unentschlossen‚
1109 3144 1181 3196 ob
1219 3158 1278 3196 er
1316 3141 1395 3196 sie
1432 3140 1564 3196 dort
1670 3141 1832 3195 defin.
1889 3141 1992 3197 Die
2029 3144 2237 3213 oppida
2263 3144 2540 3212 gehorten
2567 3161 2635 3197 zu
2661 3147 2795 3199 dem

443 3213 670 3268 bleiben
699 3214 833 3268 oder
857 3214 1006 3269 nach
1033 3214 1161 3267 dem
1189 3212 1377 3267 St‘iden
1403 3211 1562 3267 kom-
1667 3212 1961 3281 Distrikte,
2062 3213 2162 3268 der
2257 3214 2376 3267 ihm
2464 3218 2798 3271 auvertraut

441 3302 574 3339 men
607 3284 794 3339 lassen
829 3284 1011 3339 sollte.
1086 3283 1201 3339 Att.
1231 3283 1351 3339 VII.
1383 3289 1465 3339 14.
1495 3291 1559 3338 3:
1677 3283 1901 3340 worden
1916 3326 1929 3351 ,
1996 3285 2087 3339 die
2132 3286 2374 3355 praedia
2427 3300 2615 3340 waren
2671 3287 2796 3341 sein

442 3358 530 3411 De
565 3357 883 3412 mulieribus
918 3358 1123 3412 nostris
1160 3399 1171 3409 .
1204 3396 1216 3409 .
1246 3371 1444 3425 quaeso
1480 3357 1560 3410 vi·
1669 3354 1988 3424 Eigentum.
2089 3355 2155 3409 In
2211 3355 2558 3425 Campanien
2620 3357 2796 3428 lagen

442 3430 572 3484 deas
579 3468 597 3495 ,
652 3434 716 3483 ut
767 3429 905 3483 satis
958 3430 1240 3482 honestum
1283 3428 1442 3482 nobis
1486 3428 1563 3481 sit
1668 3425 1769 3479 das
1800 3425 2127 3496 Cumanum,
2155 3426 2258 3481 das
2281 3426 2642 3481 Formianum
2672 3428 2794 3483 und

442 3517 532 3555 eas
577 3499 783 3553 Romae
836 3515 970 3565 esse,
1027 3516 1148 3554 cam
1204 3504 1405 3552 ceterae
1456 3499 1563 3553 illa

441 3573 711 3640 diynitate
769 3571 1139 3625 discesserint:
1202 3570 1302 3624 hoc
1360 3570 1563 3638 scripsi

441 3644 516 3697 ad
550 3658 643 3698 eas
675 3646 727 3696 et
752 3642 828 3696 ad
856 3646 904 3696 te
930 3642 1112 3711 ipsum
1141 3645 1322 3697 antea.
1389 3640 1561 3695 Velim

440 3730 533 3769 eas
568 3714 857 3780 cohortere,
893 3718 957 3767 ut
992 3716 1205 3778 exeant,
1236 3713 1560 3779 praesertim

440 3802 562 3840 cam
615 3802 681 3840 ea
725 3785 967 3853 praedia
1020 3785 1084 3837 in
1135 3799 1237 3837 ora
1279 3784 1560 3837 maaitima

439 3856 754 3921 habeamus,
804 3857 897 3910 cui
941 3870 1035 3926 eqo
1064 3870 1350 3923 praesum,
1395 3859 1460 3908 ut
1494 3856 1559 3908 in

439 3928 513 3981 iis
546 3944 660 3982 non
694 3927 1028 3981 incommode
1055 3926 1273 3993 possint
1308 3940 1431 3982 esse.

516 4002 561 4049 1.
584 3998 881 4069 Romaene]
900 3995 1150 4050 Att.VII.
1175 4002 1257 4050 12.
1279 4001 1338 4050 6:
1361 4038 1373 4049 .
1393 4036 1405 4047 .
1424 3997 1561 4064 qwid

441 4084 654 4123 censeas
681 4070 745 4122 de
770 4069 1029 4123 Terentia
1047 4072 1096 4121 et
1121 4067 1324 4136 Tullia,
1351 4066 1559 4121 Romae

439 4154 531 4193 eas
567 4155 691 4207 esse,
734 4155 810 4193 an
845 4156 1063 4205 mecum,
1104 4155 1182 4192 an
1218 4140 1403 4207 aliquo
1439 4143 1558 4192 tuto

440 4211 570 4264 loco.
638 4238 700 4247 -—
767 4226 942 4264 meum
1005 4208 1317 4278 consilium]
1376 4207 1557 4262 Sache

440 4280 652 4334 meiner
704 4265 1083 4349 Uberlegung.
1136 4310 1204 4319 -
1252 4295 1359 4333 esse
1412 4279 1555 4351 tuto]

439 4349 546 4406 wie
584 4348 772 4419 gleich
810 4353 1075 4406 commode
1111 4367 1219 4406 esse
1256 4367 1305 4403 s.
1338 4369 1381 4401 z.
1421 4357 1472 4405 4.
1504 4356 1553 4405 3.

1668 3498 1769 3552 das
1806 3497 2195 3554 Puteolanum.

1741 3575 1790 3622 2.
1828 3571 1935 3624 isto
1979 3570 2116 3640 loco]
2165 3568 2294 3625 Abl.
2344 3568 2523 3637 qual.,
2568 3569 2791 3625 Frauen

1669 3656 1779 3693 von
1805 3656 1990 3694 eurem
2015 3639 2224 3694 Stande
2245 3640 2360 3694 und
2377 3639 2588 3708 Bange.
2628 3640 2787 3695 Fam.

1667 3709 1811 3766 XIV.
1853 3717 1921 3765 14
1967 3716 2096 3780 sagt
2153 3727 2213 3765 er
2257 3713 2423 3765 vestri
2464 3712 2668 3767 similes
2708 3714 2791 3778 fe-

1665 3783 1861 3837 mmae.
1912 3813 1976 3823 —
2023 3784 2172 3837 exire
2225 3798 2339 3836 ‘non
2388 3783 2574 3853 liceat]
2630 3782 2786 3837 Fam.

1665 3852 1808 3909 XIV.
1850 3860 1933 3908 14.
1978 3860 2031 3907 1:
2088 3853 2251 3908 etiam
2291 3855 2434 3913 illud
2468 3860 2674 3923 metuo,
2719 3872 2789 3909 ne

1664 3925 2120 3991 iuteo-eludamur,
2155 3929 2219 3978 ut
2254 3941 2377 3979 cum
2410 3925 2591 3979 velitis
2617 3926 2785 3993 exire,

1666 4012 1779 4050 non
1832 3998 2008 4052 liceat.
2049 4026 2115 4034 —
2151 3993 2393 4066 Domus]
2456 3996 2570 4050 Das
2625 3996 2784 4050 Hans

1667 4065 1831 4121 sollte
1903 4084 2088 4136 gegen
2162 4067 2253 4119 ein
2317 4067 2584 4136 etwaiges
2648 4067 2785 4121 Ein-

1666 4136 1902 4207 dringen
1947 4137 2325 4207 ph'indernder
2367 4136 2638 4193 Soldaten
2687 4156 2782 4208 ge-

1664 4206 1876 4264 sichert
1911 4211 2150 4264 werden.
2189 4239 2258 4249 —
2297 4215 2386 4275 ut,
2422 4208 2552 4263 weil
2589 4210 2782 4264 dicetis

1664 4279 1842 4334 soviel
1887 4281 1962 4334 ist
2007 4279 2119 4333 als:
2175 4279 2284 4332 ihr
2330 4279 2587 4334 werdet
2632 4280 2779 4334 auf-

1661 4350 1922 4421 tragen.
1960 4381 2030 4391 —-
2066 4351 2224 4422 Kal]
2265 4368 2340 4406 so.
2377 4348 2560 4405 Febr.'
