<?xml version="1.0" encoding="UTF-8"?>
<!DOCTYPE html PUBLIC "-//W3C//DTD XHTML 1.0 Transitional//EN"
    "http://www.w3.org/TR/xhtml1/DTD/xhtml1-transitional.dtd">
<html xmlns="http://www.w3.org/1999/xhtml" xml:lang="en" lang="en">
 <head>
  <title>
</title>
<meta http-equiv="Content-Type" content="text/html;charset=utf-8" />
  <meta name='ocr-system' content='tesseract 3.04.00' />
  <meta name='ocr-capabilities' content='ocr_page ocr_carea ocr_par ocr_line ocrx_word'/>
</head>
<body>
  <div class='ocr_page' id='page_1' title='image "ausgewhltebrief02freygoog_0136.png"; bbox 0 0 3000 4917; ppageno 0'>
   <div class='ocr_carea' id='block_1_1' title="bbox 399 213 1947 279">
    <p class='ocr_par' dir='ltr' id='par_1_1' title="bbox 399 213 1947 279">
     <span class='ocr_line' id='line_1_1' title="bbox 399 213 1947 279; baseline -0.005 -2"><span class='ocrx_word' id='word_1_1' title='bbox 399 214 527 279; x_wconf 83' lang='lat'>122</span> <span class='ocrx_word' id='word_1_2' title='bbox 1175 213 1311 269; x_wconf 86' lang='lat' dir='ltr'>LIB.</span> <span class='ocrx_word' id='word_1_3' title='bbox 1350 214 1418 268; x_wconf 90' lang='grc' dir='ltr'>Π.</span> <span class='ocrx_word' id='word_1_4' title='bbox 1477 213 1700 270; x_wconf 79' lang='lat' dir='ltr'>EPIST.</span> <span class='ocrx_word' id='word_1_5' title='bbox 1739 220 1824 270; x_wconf 78' lang='lat'>26.</span> <span class='ocrx_word' id='word_1_6' title='bbox 1862 221 1947 269; x_wconf 81' lang='lat'>27.</span> 
     </span>
    </p>
   </div>
   <div class='ocr_carea' id='block_1_2' title="bbox 316 376 2741 3026">
    <p class='ocr_par' dir='ltr' id='par_1_2' title="bbox 389 376 2741 639">
     <span class='ocr_line' id='line_1_2' title="bbox 390 376 2741 460; baseline 0.001 -19"><span class='ocrx_word' id='word_1_7' title='bbox 390 378 757 459; x_wconf 80' lang='lat' dir='ltr'>decernere,</span> <span class='ocrx_word' id='word_1_8' title='bbox 822 376 1102 441; x_wconf 89' lang='lat' dir='ltr'>iudicare</span> <span class='ocrx_word' id='word_1_9' title='bbox 1166 376 1477 460; x_wconf 72' lang='lat' dir='ltr'>dicerent,</span> <span class='ocrx_word' id='word_1_10' title='bbox 1545 398 1690 441; x_wconf 91' lang='lat' dir='ltr'>cum</span> <span class='ocrx_word' id='word_1_11' title='bbox 1753 398 1974 460; x_wconf 91' lang='lat' dir='ltr'>posses</span> <span class='ocrx_word' id='word_1_12' title='bbox 2040 377 2171 441; x_wconf 84' lang='lat' dir='ltr'>iam</span> <span class='ocrx_word' id='word_1_13' title='bbox 2237 378 2546 460; x_wconf 89' lang='lat' dir='ltr'>suspicari</span> <span class='ocrx_word' id='word_1_14' title='bbox 2614 379 2741 443; x_wconf 91' lang='lat' dir='ltr'>tibi</span> 
     </span>
     <span class='ocr_line' id='line_1_3' title="bbox 392 465 2738 550; baseline 0 -19"><span class='ocrx_word' id='word_1_15' title='bbox 392 487 532 531; x_wconf 89' lang='lat' dir='ltr'>esse</span> <span class='ocrx_word' id='word_1_16' title='bbox 581 487 964 544; x_wconf 90' lang='lat' dir='ltr'>successum,</span> <span class='ocrx_word' id='word_1_17' title='bbox 1011 487 1174 549; x_wconf 87' lang='lat' dir='ltr'>quae</span> <span class='ocrx_word' id='word_1_18' title='bbox 1219 486 1302 528; x_wconf 90' lang='lat' dir='ltr'>ne</span> <span class='ocrx_word' id='word_1_19' title='bbox 1349 466 1431 529; x_wconf 88' lang='lat' dir='ltr'>ab</span> <span class='ocrx_word' id='word_1_20' title='bbox 1470 465 1552 529; x_wconf 90' lang='lat' dir='ltr'>iis</span> <span class='ocrx_word' id='word_1_21' title='bbox 1592 465 1850 550; x_wconf 87' lang='lat' dir='ltr'>quidem</span> <span class='ocrx_word' id='word_1_22' title='bbox 1886 465 2025 529; x_wconf 88' lang='lat' dir='ltr'>fieri</span> <span class='ocrx_word' id='word_1_23' title='bbox 2063 467 2361 550; x_wconf 75' lang='lat' dir='ltr'>solerent,</span> <span class='ocrx_word' id='word_1_24' title='bbox 2408 467 2516 550; x_wconf 87' lang='lat' dir='ltr'>qui</span> <span class='ocrx_word' id='word_1_25' title='bbox 2556 467 2738 531; x_wconf 86' lang='lat' dir='ltr'>brevi</span> 
     </span>
     <span class='ocr_line' id='line_1_4' title="bbox 389 553 1530 644; baseline -0.002 -25"><span class='ocrx_word' id='word_1_26' title='bbox 389 558 683 639; x_wconf 90' lang='lat' dir='ltr'>tempore</span> <span class='ocrx_word' id='word_1_27' title='bbox 731 554 859 618; x_wconf 90' lang='lat' dir='ltr'>sibi</span> <span class='ocrx_word' id='word_1_28' title='bbox 904 553 1158 644; x_wconf 79' lang='lat' dir='ltr'>succedi</span> <span class='ocrx_word' id='word_1_29' title='bbox 1203 557 1530 637; x_wconf 90' lang='lat' dir='ltr'>putarent.</span> 
     </span>
    </p>

    <p class='ocr_par' dir='ltr' id='par_1_3' title="bbox 324 637 2737 2144">
     <span class='ocr_line' id='line_1_5' title="bbox 324 637 2735 727; baseline 0 -20"><span class='ocrx_word' id='word_1_30' title='bbox 324 650 369 715; x_wconf 84' lang='grc'>5</span> <span class='ocrx_word' id='word_1_31' title='bbox 568 642 821 707; x_wconf 90' lang='lat' dir='ltr'>Horum</span> <span class='ocrx_word' id='word_1_32' title='bbox 868 662 991 727; x_wconf 88' lang='lat' dir='ltr'>ego</span> <span class='ocrx_word' id='word_1_33' title='bbox 1040 637 1333 706; x_wconf 77' lang='lat' dir='ltr'>sermone</span> <span class='ocrx_word' id='word_1_34' title='bbox 1377 663 1512 706; x_wconf 89' lang='lat' dir='ltr'>non</span> <span class='ocrx_word' id='word_1_35' title='bbox 1559 641 1883 726; x_wconf 87' lang='lat' dir='ltr'>movebar,</span> <span class='ocrx_word' id='word_1_36' title='bbox 1934 642 2089 727; x_wconf 88' lang='lat' dir='ltr'>quin</span> <span class='ocrx_word' id='word_1_37' title='bbox 2135 642 2331 706; x_wconf 91' lang='lat' dir='ltr'>etiam</span> <span class='ocrx_word' id='word_1_38' title='bbox 2385 678 2460 690; x_wconf 92' lang='lat'>—</span> <span class='ocrx_word' id='word_1_39' title='bbox 2510 643 2735 709; x_wconf 88' lang='lat' dir='ltr'>credas</span> 
     </span>
     <span class='ocr_line' id='line_1_6' title="bbox 390 730 2737 815; baseline 0 -19"><span class='ocrx_word' id='word_1_40' title='bbox 390 732 553 796; x_wconf 90' lang='lat' dir='ltr'>mihi</span> <span class='ocrx_word' id='word_1_41' title='bbox 598 731 790 796; x_wconf 80' lang='lat' dir='ltr'>velim</span> <span class='ocrx_word' id='word_1_42' title='bbox 826 768 934 815; x_wconf 40' lang='lat'>—‚-,</span> <span class='ocrx_word' id='word_1_43' title='bbox 981 731 1038 794; x_wconf 94' lang='lat' dir='ltr'>si</span> <span class='ocrx_word' id='word_1_44' title='bbox 1084 730 1237 814; x_wconf 88' lang='lat' dir='ltr'>quid</span> <span class='ocrx_word' id='word_1_45' title='bbox 1282 734 1359 794; x_wconf 92' lang='lat' dir='ltr'>tu</span> <span class='ocrx_word' id='word_1_46' title='bbox 1403 750 1647 815; x_wconf 89' lang='lat' dir='ltr'>ageres,</span> <span class='ocrx_word' id='word_1_47' title='bbox 1691 730 1894 794; x_wconf 83' lang='lat' dir='ltr'>levari</span> <span class='ocrx_word' id='word_1_48' title='bbox 1938 752 2045 795; x_wconf 90' lang='lat' dir='ltr'>me</span> <span class='ocrx_word' id='word_1_49' title='bbox 2088 732 2399 814; x_wconf 89' lang='lat' dir='ltr'>putabam</span> <span class='ocrx_word' id='word_1_50' title='bbox 2437 731 2737 796; x_wconf 89' lang='lat' dir='ltr'>molestia</span> 
     </span>
     <span class='ocr_line' id='line_1_7' title="bbox 390 818 2735 905; baseline 0 -22"><span class='ocrx_word' id='word_1_51' title='bbox 390 825 455 883; x_wconf 92' lang='lat' dir='ltr'>et</span> <span class='ocrx_word' id='word_1_52' title='bbox 505 842 581 883; x_wconf 88' lang='lat' dir='ltr'>ex</span> <span class='ocrx_word' id='word_1_53' title='bbox 628 842 842 884; x_wconf 88' lang='lat' dir='ltr'>annua</span> <span class='ocrx_word' id='word_1_54' title='bbox 886 819 1241 903; x_wconf 86' lang='lat' dir='ltr'>provincia,</span> <span class='ocrx_word' id='word_1_55' title='bbox 1288 840 1450 903; x_wconf 90' lang='lat' dir='ltr'>quae</span> <span class='ocrx_word' id='word_1_56' title='bbox 1496 818 1659 882; x_wconf 89' lang='lat' dir='ltr'>mihi</span> <span class='ocrx_word' id='word_1_57' title='bbox 1706 818 1905 904; x_wconf 87' lang='lat' dir='ltr'>longa</span> <span class='ocrx_word' id='word_1_58' title='bbox 1954 819 2301 903; x_wconf 86' lang='lat' dir='ltr'>videretur,</span> <span class='ocrx_word' id='word_1_59' title='bbox 2355 841 2558 905; x_wconf 87' lang='lat' dir='ltr'>prope</span> <span class='ocrx_word' id='word_1_60' title='bbox 2603 821 2735 884; x_wconf 88' lang='lat' dir='ltr'>iam</span> 
     </span>
     <span class='ocr_line' id='line_1_8' title="bbox 392 907 2736 992; baseline 0.001 -21"><span class='ocrx_word' id='word_1_61' title='bbox 392 909 685 973; x_wconf 86' lang='lat' dir='ltr'>undecim</span> <span class='ocrx_word' id='word_1_62' title='bbox 723 929 1017 972; x_wconf 90' lang='lat' dir='ltr'>mensum</span> <span class='ocrx_word' id='word_1_63' title='bbox 1054 907 1459 992; x_wconf 78' lang='lat' dir='ltr'>provinciam</span> <span class='ocrx_word' id='word_1_64' title='bbox 1495 908 1739 972; x_wconf 86' lang='lat' dir='ltr'>factam</span> <span class='ocrx_word' id='word_1_65' title='bbox 1778 928 1918 972; x_wconf 90' lang='lat' dir='ltr'>esse</span> <span class='ocrx_word' id='word_1_66' title='bbox 1956 907 2339 992; x_wconf 82' lang='lat' dir='ltr'>gaudebam,</span> <span class='ocrx_word' id='word_1_67' title='bbox 2385 908 2441 971; x_wconf 90' lang='lat' dir='ltr'>si</span> <span class='ocrx_word' id='word_1_68' title='bbox 2478 909 2736 974; x_wconf 75' lang='lat' dir='ltr'>absenti</span> 
     </span>
     <span class='ocr_line' id='line_1_9' title="bbox 386 996 2732 1080; baseline 0.001 -20"><span class='ocrx_word' id='word_1_69' title='bbox 386 997 547 1060; x_wconf 91' lang='lat' dir='ltr'>mihi</span> <span class='ocrx_word' id='word_1_70' title='bbox 586 996 775 1061; x_wconf 92' lang='lat' dir='ltr'>unius</span> <span class='ocrx_word' id='word_1_71' title='bbox 814 996 1055 1061; x_wconf 86' lang='lat' dir='ltr'>mensis</span> <span class='ocrx_word' id='word_1_72' title='bbox 1093 997 1280 1060; x_wconf 88' lang='lat' dir='ltr'>labor</span> <span class='ocrx_word' id='word_1_73' title='bbox 1317 996 1645 1060; x_wconf 90' lang='lat' dir='ltr'>detractus</span> <span class='ocrx_word' id='word_1_74' title='bbox 1694 1001 1888 1059; x_wconf 90' lang='lat' dir='ltr'>esset:</span> <span class='ocrx_word' id='word_1_75' title='bbox 1933 996 2113 1079; x_wconf 91' lang='lat' dir='ltr'>illud,</span> <span class='ocrx_word' id='word_1_76' title='bbox 2160 1018 2310 1061; x_wconf 86' lang='lat' dir='ltr'>vere</span> <span class='ocrx_word' id='word_1_77' title='bbox 2357 996 2582 1080; x_wconf 90' lang='lat' dir='ltr'>dicam,</span> <span class='ocrx_word' id='word_1_78' title='bbox 2629 1020 2732 1062; x_wconf 93' lang='lat' dir='ltr'>me</span> 
     </span>
     <span class='ocr_line' id='line_1_10' title="bbox 384 1084 2734 1170; baseline 0.001 -21"><span class='ocrx_word' id='word_1_79' title='bbox 384 1089 630 1167; x_wconf 86' lang='lat' dir='ltr'>movet,</span> <span class='ocrx_word' id='word_1_80' title='bbox 676 1087 747 1148; x_wconf 92' lang='lat' dir='ltr'>in</span> <span class='ocrx_word' id='word_1_81' title='bbox 790 1088 976 1148; x_wconf 89' lang='lat' dir='ltr'>tanta</span> <span class='ocrx_word' id='word_1_82' title='bbox 1022 1084 1309 1148; x_wconf 90' lang='lat' dir='ltr'>militum</span> <span class='ocrx_word' id='word_1_83' title='bbox 1354 1084 1682 1168; x_wconf 79' lang='lat' dir='ltr'>paucitate</span> <span class='ocrx_word' id='word_1_84' title='bbox 1729 1084 1954 1149; x_wconf 90' lang='lat' dir='ltr'>abesse</span> <span class='ocrx_word' id='word_1_85' title='bbox 2000 1088 2135 1149; x_wconf 89' lang='lat' dir='ltr'>tres</span> <span class='ocrx_word' id='word_1_86' title='bbox 2183 1085 2509 1163; x_wconf 87' lang='lat' dir='ltr'>cohortes,</span> <span class='ocrx_word' id='word_1_87' title='bbox 2567 1108 2734 1170; x_wconf 88' lang='lat' dir='ltr'>quae</span> 
     </span>
     <span class='ocr_line' id='line_1_11' title="bbox 384 1172 2733 1258; baseline 0.001 -21"><span class='ocrx_word' id='word_1_88' title='bbox 384 1174 516 1237; x_wconf 90' lang='lat' dir='ltr'>sint</span> <span class='ocrx_word' id='word_1_89' title='bbox 559 1173 1001 1258; x_wconf 85' lang='lat' dir='ltr'>plenissimae,</span> <span class='ocrx_word' id='word_1_90' title='bbox 1047 1194 1164 1237; x_wconf 91' lang='lat' dir='ltr'>nec</span> <span class='ocrx_word' id='word_1_91' title='bbox 1210 1195 1314 1237; x_wconf 92' lang='lat' dir='ltr'>me</span> <span class='ocrx_word' id='word_1_92' title='bbox 1362 1173 1545 1255; x_wconf 87' lang='lat' dir='ltr'>scire,</span> <span class='ocrx_word' id='word_1_93' title='bbox 1603 1172 1717 1236; x_wconf 91' lang='lat' dir='ltr'>ubi</span> <span class='ocrx_word' id='word_1_94' title='bbox 1764 1172 1915 1237; x_wconf 89' lang='lat' dir='ltr'>sint.</span> <span class='ocrx_word' id='word_1_95' title='bbox 2007 1173 2466 1238; x_wconf 89' lang='lat' dir='ltr'>Molestissime</span> <span class='ocrx_word' id='word_1_96' title='bbox 2515 1178 2733 1239; x_wconf 90' lang='lat' dir='ltr'>autem</span> 
     </span>
     <span class='ocr_line' id='line_1_12' title="bbox 382 1261 2733 1346; baseline 0.001 -22"><span class='ocrx_word' id='word_1_97' title='bbox 382 1262 549 1345; x_wconf 87' lang='lat' dir='ltr'>fero,</span> <span class='ocrx_word' id='word_1_98' title='bbox 603 1261 799 1346; x_wconf 88' lang='lat' dir='ltr'>quod,</span> <span class='ocrx_word' id='word_1_99' title='bbox 862 1265 928 1325; x_wconf 90' lang='lat' dir='ltr'>te</span> <span class='ocrx_word' id='word_1_100' title='bbox 982 1262 1097 1325; x_wconf 91' lang='lat' dir='ltr'>ubi</span> <span class='ocrx_word' id='word_1_101' title='bbox 1151 1262 1405 1325; x_wconf 83' lang='lat' dir='ltr'>visurus</span> <span class='ocrx_word' id='word_1_102' title='bbox 1462 1263 1613 1344; x_wconf 93' lang='lat' dir='ltr'>sim,</span> <span class='ocrx_word' id='word_1_103' title='bbox 1667 1261 1916 1345; x_wconf 88' lang='lat' dir='ltr'>nescio,</span> <span class='ocrx_word' id='word_1_104' title='bbox 1971 1283 2173 1346; x_wconf 90' lang='lat' dir='ltr'>eoque</span> <span class='ocrx_word' id='word_1_105' title='bbox 2230 1262 2310 1325; x_wconf 91' lang='lat' dir='ltr'>ad</span> <span class='ocrx_word' id='word_1_106' title='bbox 2363 1266 2446 1326; x_wconf 68' lang='lat' dir='ltr'>te⁴</span> <span class='ocrx_word' id='word_1_107' title='bbox 2483 1263 2733 1327; x_wconf 89' lang='lat' dir='ltr'>tardius</span> 
     </span>
     <span class='ocr_line' id='line_1_13' title="bbox 383 1349 2733 1435; baseline 0.001 -22"><span class='ocrx_word' id='word_1_108' title='bbox 383 1351 641 1435; x_wconf 88' lang='lat' dir='ltr'>scripsi,</span> <span class='ocrx_word' id='word_1_109' title='bbox 696 1349 867 1433; x_wconf 87' lang='lat' dir='ltr'>quod</span> <span class='ocrx_word' id='word_1_110' title='bbox 922 1349 1155 1415; x_wconf 83' lang='lat' dir='ltr'>cotidie</span> <span class='ocrx_word' id='word_1_111' title='bbox 1212 1353 1278 1413; x_wconf 93' lang='lat' dir='ltr'>te</span> <span class='ocrx_word' id='word_1_112' title='bbox 1333 1350 1550 1434; x_wconf 90' lang='lat' dir='ltr'>ipsum</span> <span class='ocrx_word' id='word_1_113' title='bbox 1605 1352 2089 1433; x_wconf 80' lang='lat' dir='ltr'>exspectabam:</span> <span class='ocrx_word' id='word_1_114' title='bbox 2147 1371 2292 1414; x_wconf 89' lang='lat' dir='ltr'>cum</span> <span class='ocrx_word' id='word_1_115' title='bbox 2348 1351 2597 1415; x_wconf 90' lang='lat' dir='ltr'>interea</span> <span class='ocrx_word' id='word_1_116' title='bbox 2650 1374 2733 1416; x_wconf 93' lang='lat' dir='ltr'>ne</span> 
     </span>
     <span class='ocr_line' id='line_1_14' title="bbox 381 1438 2733 1524; baseline 0.001 -23"><span class='ocrx_word' id='word_1_117' title='bbox 381 1439 639 1502; x_wconf 85' lang='lat' dir='ltr'>litteras</span> <span class='ocrx_word' id='word_1_118' title='bbox 696 1438 956 1522; x_wconf 88' lang='lat' dir='ltr'>quidem</span> <span class='ocrx_word' id='word_1_119' title='bbox 1008 1438 1177 1503; x_wconf 92' lang='lat' dir='ltr'>ullas</span> <span class='ocrx_word' id='word_1_120' title='bbox 1233 1439 1477 1522; x_wconf 90' lang='lat' dir='ltr'>accepi,</span> <span class='ocrx_word' id='word_1_121' title='bbox 1535 1459 1700 1523; x_wconf 88' lang='lat' dir='ltr'>quae</span> <span class='ocrx_word' id='word_1_122' title='bbox 1754 1459 1857 1502; x_wconf 91' lang='lat' dir='ltr'>me</span> <span class='ocrx_word' id='word_1_123' title='bbox 1911 1439 2240 1521; x_wconf 85' lang='lat' dir='ltr'>docerent,</span> <span class='ocrx_word' id='word_1_124' title='bbox 2296 1440 2450 1523; x_wconf 91' lang='lat' dir='ltr'>quid</span> <span class='ocrx_word' id='word_1_125' title='bbox 2505 1459 2733 1524; x_wconf 85' lang='lat' dir='ltr'>ageres</span> 
     </span>
     <span class='ocr_line' id='line_1_15' title="bbox 381 1526 2735 1630; baseline 0.001 -39"><span class='ocrx_word' id='word_1_126' title='bbox 381 1531 495 1591; x_wconf 89' lang='lat' dir='ltr'>aut</span> <span class='ocrx_word' id='word_1_127' title='bbox 547 1526 662 1591; x_wconf 92' lang='lat' dir='ltr'>ubi</span> <span class='ocrx_word' id='word_1_128' title='bbox 719 1534 785 1589; x_wconf 92' lang='lat' dir='ltr'>te</span> <span class='ocrx_word' id='word_1_129' title='bbox 842 1527 1098 1591; x_wconf 84' lang='lat' dir='ltr'>visurus</span> <span class='ocrx_word' id='word_1_130' title='bbox 1156 1548 1381 1590; x_wconf 90' lang='lat' dir='ltr'>essem.</span> <span class='ocrx_word' id='word_1_131' title='bbox 1479 1526 1710 1610; x_wconf 90' lang='lat' dir='ltr'>Itaque</span> <span class='ocrx_word' id='word_1_132' title='bbox 1765 1527 1976 1591; x_wconf 84' lang='lat' dir='ltr'>virum</span> <span class='ocrx_word' id='word_1_133' title='bbox 2028 1528 2266 1592; x_wconf 88' lang='lat' dir='ltr'>fortem</span> <span class='ocrx_word' id='word_1_134' title='bbox 2321 1528 2610 1630; x_wconf 88' lang='lat' dir='ltr'>mihique</span> <span class='ocrx_word' id='word_1_135' title='bbox 2665 1529 2735 1593; x_wconf 90' lang='lat' dir='ltr'>in</span> 
     </span>
     <span class='ocr_line' id='line_1_16' title="bbox 380 1611 2734 1699; baseline 0.001 -21"><span class='ocrx_word' id='word_1_136' title='bbox 380 1616 607 1699; x_wconf 86' lang='lat' dir='ltr'>primis</span> <span class='ocrx_word' id='word_1_137' title='bbox 654 1616 1030 1698; x_wconf 89' lang='lat' dir='ltr'>probatum,</span> <span class='ocrx_word' id='word_1_138' title='bbox 1083 1611 1476 1698; x_wconf 89' lang='lat' dir='ltr'>Antonium,</span> <span class='ocrx_word' id='word_1_139' title='bbox 1523 1614 1920 1698; x_wconf 88' lang='lat' dir='ltr'>praefectum</span> <span class='ocrx_word' id='word_1_140' title='bbox 1967 1619 2408 1694; x_wconf 84' lang='lat' dir='ltr'>evocatorum,</span> <span class='ocrx_word' id='word_1_141' title='bbox 2454 1618 2602 1680; x_wconf 88' lang='lat' dir='ltr'>misi</span> <span class='ocrx_word' id='word_1_142' title='bbox 2651 1617 2734 1681; x_wconf 90' lang='lat' dir='ltr'>ad</span> 
     </span>
     <span class='ocr_line' id='line_1_17' title="bbox 380 1703 2732 1789; baseline 0.001 -22"><span class='ocrx_word' id='word_1_143' title='bbox 380 1711 476 1784; x_wconf 90' lang='lat' dir='ltr'>te,</span> <span class='ocrx_word' id='word_1_144' title='bbox 533 1704 662 1786; x_wconf 91' lang='lat' dir='ltr'>cui,</span> <span class='ocrx_word' id='word_1_145' title='bbox 718 1704 773 1767; x_wconf 87' lang='lat' dir='ltr'>si</span> <span class='ocrx_word' id='word_1_146' title='bbox 819 1705 941 1768; x_wconf 93' lang='lat' dir='ltr'>tibi</span> <span class='ocrx_word' id='word_1_147' title='bbox 986 1703 1338 1787; x_wconf 87' lang='lat' dir='ltr'>videretur,</span> <span class='ocrx_word' id='word_1_148' title='bbox 1395 1704 1696 1769; x_wconf 86' lang='lat' dir='ltr'>cohortes</span> <span class='ocrx_word' id='word_1_149' title='bbox 1743 1704 2060 1788; x_wconf 88' lang='lat' dir='ltr'>traderes,</span> <span class='ocrx_word' id='word_1_150' title='bbox 2114 1710 2213 1786; x_wconf 93' lang='lat' dir='ltr'>ut,</span> <span class='ocrx_word' id='word_1_151' title='bbox 2276 1704 2430 1768; x_wconf 86' lang='grc'>(111111</span> <span class='ocrx_word' id='word_1_152' title='bbox 2474 1710 2732 1789; x_wconf 91' lang='lat' dir='ltr'>tempus</span> 
     </span>
     <span class='ocr_line' id='line_1_18' title="bbox 384 1791 2731 1877; baseline 0.001 -22"><span class='ocrx_word' id='word_1_153' title='bbox 384 1793 539 1856; x_wconf 88' lang='lat' dir='ltr'>anni</span> <span class='ocrx_word' id='word_1_154' title='bbox 586 1796 759 1857; x_wconf 89' lang='lat' dir='ltr'>esset</span> <span class='ocrx_word' id='word_1_155' title='bbox 805 1792 1126 1875; x_wconf 89' lang='lat' dir='ltr'>idoneum,</span> <span class='ocrx_word' id='word_1_156' title='bbox 1173 1791 1416 1876; x_wconf 88' lang='lat' dir='ltr'>aliquid</span> <span class='ocrx_word' id='word_1_157' title='bbox 1464 1792 1715 1876; x_wconf 89' lang='lat' dir='ltr'>negotii</span> <span class='ocrx_word' id='word_1_158' title='bbox 1751 1813 1975 1877; x_wconf 87' lang='lat' dir='ltr'>gerere</span> <span class='ocrx_word' id='word_1_159' title='bbox 2011 1815 2297 1877; x_wconf 83' lang='lat' dir='ltr'>possem3</span> <span class='ocrx_word' id='word_1_160' title='bbox 2342 1793 2411 1857; x_wconf 91' lang='lat' dir='ltr'>in</span> <span class='ocrx_word' id='word_1_161' title='bbox 2451 1815 2578 1877; x_wconf 92' lang='grc'>(1110</span> <span class='ocrx_word' id='word_1_162' title='bbox 2615 1800 2731 1858; x_wconf 89' lang='lat' dir='ltr'>tuo</span> 
     </span>
     <span class='ocr_line' id='line_1_19' title="bbox 379 1881 2733 1963; baseline 0 -18"><span class='ocrx_word' id='word_1_163' title='bbox 379 1881 648 1945; x_wconf 92' lang='lat' dir='ltr'>consilio</span> <span class='ocrx_word' id='word_1_164' title='bbox 705 1884 779 1944; x_wconf 91' lang='lat' dir='ltr'>ut</span> <span class='ocrx_word' id='word_1_165' title='bbox 834 1902 938 1944; x_wconf 92' lang='lat' dir='ltr'>me</span> <span class='ocrx_word' id='word_1_166' title='bbox 996 1901 1323 1963; x_wconf 90' lang='lat' dir='ltr'>sperarem</span> <span class='ocrx_word' id='word_1_167' title='bbox 1379 1902 1521 1945; x_wconf 90' lang='lat' dir='ltr'>esse</span> <span class='ocrx_word' id='word_1_168' title='bbox 1575 1902 1869 1962; x_wconf 91' lang='lat' dir='ltr'>usurum,</span> <span class='ocrx_word' id='word_1_169' title='bbox 1929 1885 1995 1945; x_wconf 92' lang='lat' dir='ltr'>et</span> <span class='ocrx_word' id='word_1_170' title='bbox 2050 1881 2336 1946; x_wconf 91' lang='lat' dir='ltr'>amicitia</span> <span class='ocrx_word' id='word_1_171' title='bbox 2390 1886 2620 1947; x_wconf 88' lang='lat' dir='ltr'>nostra</span> <span class='ocrx_word' id='word_1_172' title='bbox 2665 1887 2733 1946; x_wconf 92' lang='lat' dir='ltr'>et</span> 
     </span>
     <span class='ocr_line' id='line_1_20' title="bbox 378 1969 2732 2054; baseline 0.001 -22"><span class='ocrx_word' id='word_1_173' title='bbox 378 1970 637 2034; x_wconf 87' lang='lat' dir='ltr'>litterae</span> <span class='ocrx_word' id='word_1_174' title='bbox 673 1973 824 2033; x_wconf 89' lang='lat' dir='ltr'>tuae</span> <span class='ocrx_word' id='word_1_175' title='bbox 861 1969 1181 2052; x_wconf 81' lang='lat' dir='ltr'>fecerant3</span> <span class='ocrx_word' id='word_1_176' title='bbox 1221 1969 1389 2053; x_wconf 92' lang='lat' dir='ltr'>quod</span> <span class='ocrx_word' id='word_1_177' title='bbox 1428 1990 1511 2033; x_wconf 91' lang='lat' dir='ltr'>ne</span> <span class='ocrx_word' id='word_1_178' title='bbox 1545 1990 1720 2033; x_wconf 90' lang='lat' dir='ltr'>nunc</span> <span class='ocrx_word' id='word_1_179' title='bbox 1758 1970 2016 2053; x_wconf 90' lang='lat' dir='ltr'>quidem</span> <span class='ocrx_word' id='word_1_180' title='bbox 2045 1971 2343 2054; x_wconf 80' lang='lat' dir='ltr'>desper03</span> <span class='ocrx_word' id='word_1_181' title='bbox 2381 1970 2493 2035; x_wconf 91' lang='lat' dir='ltr'>sed</span> <span class='ocrx_word' id='word_1_182' title='bbox 2521 1972 2732 2054; x_wconf 85' lang='lat' dir='ltr'>plane,</span> 
     </span>
     <span class='ocr_line' id='line_1_21' title="bbox 380 2057 2730 2144; baseline 0.001 -23"><span class='ocrx_word' id='word_1_183' title='bbox 380 2058 635 2141; x_wconf 87' lang='lat' dir='ltr'>quando</span> <span class='ocrx_word' id='word_1_184' title='bbox 685 2061 800 2121; x_wconf 88' lang='lat' dir='ltr'>aut</span> <span class='ocrx_word' id='word_1_185' title='bbox 844 2057 957 2121; x_wconf 90' lang='lat' dir='ltr'>ubi</span> <span class='ocrx_word' id='word_1_186' title='bbox 993 2060 1059 2120; x_wconf 93' lang='lat' dir='ltr'>te</span> <span class='ocrx_word' id='word_1_187' title='bbox 1098 2058 1353 2121; x_wconf 80' lang='lat' dir='ltr'>visurus</span> <span class='ocrx_word' id='word_1_188' title='bbox 1393 2058 1534 2137; x_wconf 91' lang='lat' dir='ltr'>sim,</span> <span class='ocrx_word' id='word_1_189' title='bbox 1578 2058 1706 2121; x_wconf 88' lang='lat' dir='ltr'>nisi</span> <span class='ocrx_word' id='word_1_190' title='bbox 1744 2059 1825 2122; x_wconf 90' lang='lat' dir='ltr'>ad</span> <span class='ocrx_word' id='word_1_191' title='bbox 1863 2079 1965 2121; x_wconf 91' lang='lat' dir='ltr'>me</span> <span class='ocrx_word' id='word_1_192' title='bbox 2004 2059 2357 2142; x_wconf 84' lang='lat' dir='ltr'>scripseris,</span> <span class='ocrx_word' id='word_1_193' title='bbox 2401 2081 2484 2123; x_wconf 92' lang='lat' dir='ltr'>ne</span> <span class='ocrx_word' id='word_1_194' title='bbox 2523 2061 2730 2144; x_wconf 89' lang='lat' dir='ltr'>suspi-</span> 
     </span>
    </p>

    <p class='ocr_par' dir='ltr' id='par_1_4' title="bbox 316 2145 2733 3026">
     <span class='ocr_line' id='line_1_22' title="bbox 316 2145 2733 2230; baseline 0.001 -21"><span class='ocrx_word' id='word_1_195' title='bbox 316 2147 514 2215; x_wconf 78' lang='lat' dir='ltr'>sscari</span> <span class='ocrx_word' id='word_1_196' title='bbox 572 2146 831 2230; x_wconf 91' lang='lat' dir='ltr'>quidem</span> <span class='ocrx_word' id='word_1_197' title='bbox 887 2167 1171 2228; x_wconf 89' lang='lat' dir='ltr'>possum.</span> <span class='ocrx_word' id='word_1_198' title='bbox 1264 2145 1439 2230; x_wconf 88' lang='lat' dir='ltr'>Ego,</span> <span class='ocrx_word' id='word_1_199' title='bbox 1495 2152 1571 2210; x_wconf 88' lang='lat' dir='ltr'>ut</span> <span class='ocrx_word' id='word_1_200' title='bbox 1623 2168 1726 2209; x_wconf 92' lang='lat' dir='ltr'>me</span> <span class='ocrx_word' id='word_1_201' title='bbox 1778 2146 1902 2211; x_wconf 91' lang='lat' dir='ltr'>tibi</span> <span class='ocrx_word' id='word_1_202' title='bbox 1960 2147 2421 2211; x_wconf 89' lang='lat' dir='ltr'>amicissimum</span> <span class='ocrx_word' id='word_1_203' title='bbox 2478 2170 2616 2212; x_wconf 91' lang='lat' dir='ltr'>esse</span> <span class='ocrx_word' id='word_1_204' title='bbox 2664 2152 2733 2212; x_wconf 93' lang='lat' dir='ltr'>et</span> 
     </span>
     <span class='ocr_line' id='line_1_23' title="bbox 378 2234 2733 2321; baseline 0.002 -24"><span class='ocrx_word' id='word_1_205' title='bbox 378 2236 567 2316; x_wconf 91' lang='lat' dir='ltr'>aequi</span> <span class='ocrx_word' id='word_1_206' title='bbox 621 2238 688 2300; x_wconf 90' lang='lat' dir='ltr'>et</span> <span class='ocrx_word' id='word_1_207' title='bbox 741 2234 948 2317; x_wconf 90' lang='lat' dir='ltr'>iniqui</span> <span class='ocrx_word' id='word_1_208' title='bbox 1004 2235 1416 2321; x_wconf 88' lang='lat' dir='ltr'>intellegant,</span> <span class='ocrx_word' id='word_1_209' title='bbox 1472 2236 1742 2298; x_wconf 86' lang='lat' dir='ltr'>curabo:</span> <span class='ocrx_word' id='word_1_210' title='bbox 1799 2234 1875 2299; x_wconf 93' lang='lat' dir='ltr'>de</span> <span class='ocrx_word' id='word_1_211' title='bbox 1921 2239 2034 2300; x_wconf 92' lang='lat' dir='ltr'>tuo</span> <span class='ocrx_word' id='word_1_212' title='bbox 2083 2236 2150 2299; x_wconf 91' lang='lat' dir='ltr'>in</span> <span class='ocrx_word' id='word_1_213' title='bbox 2198 2257 2301 2300; x_wconf 91' lang='lat' dir='ltr'>me</span> <span class='ocrx_word' id='word_1_214' title='bbox 2348 2236 2565 2301; x_wconf 90' lang='lat' dir='ltr'>animo</span> <span class='ocrx_word' id='word_1_215' title='bbox 2611 2236 2733 2301; x_wconf 92' lang='lat' dir='ltr'>ini-</span> 
     </span>
     <span class='ocr_line' id='line_1_24' title="bbox 380 2322 2729 2409; baseline 0.002 -23"><span class='ocrx_word' id='word_1_216' title='bbox 380 2325 522 2406; x_wconf 88' lang='lat' dir='ltr'>quis</span> <span class='ocrx_word' id='word_1_217' title='bbox 571 2344 753 2387; x_wconf 90' lang='lat' dir='ltr'>secus</span> <span class='ocrx_word' id='word_1_218' title='bbox 802 2322 1216 2386; x_wconf 89' lang='lat' dir='ltr'>existimandi</span> <span class='ocrx_word' id='word_1_219' title='bbox 1261 2322 1497 2387; x_wconf 84' lang='lat' dir='ltr'>videris</span> <span class='ocrx_word' id='word_1_220' title='bbox 1543 2322 1839 2388; x_wconf 90' lang='lat' dir='ltr'>nonnihil</span> <span class='ocrx_word' id='word_1_221' title='bbox 1887 2324 2014 2387; x_wconf 90' lang='lat' dir='ltr'>loci</span> <span class='ocrx_word' id='word_1_222' title='bbox 2059 2323 2337 2409; x_wconf 81' lang='lat' dir='ltr'>dedisse3</span> <span class='ocrx_word' id='word_1_223' title='bbox 2382 2324 2448 2388; x_wconf 93' lang='lat' dir='ltr'>id</span> <span class='ocrx_word' id='word_1_224' title='bbox 2496 2326 2552 2388; x_wconf 91' lang='lat' dir='ltr'>si</span> <span class='ocrx_word' id='word_1_225' title='bbox 2591 2347 2729 2390; x_wconf 89' lang='lat' dir='ltr'>cor-</span> 
     </span>
     <span class='ocr_line' id='line_1_25' title="bbox 377 2409 2729 2497; baseline 0.002 -23"><span class='ocrx_word' id='word_1_226' title='bbox 377 2413 637 2494; x_wconf 85' lang='lat' dir='ltr'>rexeris,</span> <span class='ocrx_word' id='word_1_227' title='bbox 674 2412 837 2474; x_wconf 90' lang='lat' dir='ltr'>mihi</span> <span class='ocrx_word' id='word_1_228' title='bbox 873 2411 1063 2476; x_wconf 76' lang='lat' dir='ltr'>valde</span> <span class='ocrx_word' id='word_1_229' title='bbox 1101 2415 1363 2495; x_wconf 89' lang='lat' dir='ltr'>gratum</span> <span class='ocrx_word' id='word_1_230' title='bbox 1402 2412 1541 2476; x_wconf 88' lang='lat' dir='ltr'>erit.</span> <span class='ocrx_word' id='word_1_231' title='bbox 1604 2409 1712 2495; x_wconf 84' lang='lat' dir='ltr'>Et,</span> <span class='ocrx_word' id='word_1_232' title='bbox 1753 2415 1827 2475; x_wconf 94' lang='lat' dir='ltr'>ut</span> <span class='ocrx_word' id='word_1_233' title='bbox 1862 2412 2102 2477; x_wconf 90' lang='lat' dir='ltr'>habere</span> <span class='ocrx_word' id='word_1_234' title='bbox 2139 2413 2456 2477; x_wconf 89' lang='lat' dir='ltr'>rationem</span> <span class='ocrx_word' id='word_1_235' title='bbox 2496 2415 2729 2497; x_wconf 89' lang='lat' dir='ltr'>possis,</span> 
     </span>
     <span class='ocr_line' id='line_1_26' title="bbox 379 2498 2730 2587; baseline 0.001 -24"><span class='ocrx_word' id='word_1_236' title='bbox 379 2522 506 2584; x_wconf 90' lang='lat' dir='ltr'>quo</span> <span class='ocrx_word' id='word_1_237' title='bbox 545 2502 685 2565; x_wconf 91' lang='lat' dir='ltr'>loco</span> <span class='ocrx_word' id='word_1_238' title='bbox 725 2522 827 2563; x_wconf 91' lang='lat' dir='ltr'>me</span> <span class='ocrx_word' id='word_1_239' title='bbox 876 2502 1055 2565; x_wconf 80' lang='lat' dir='ltr'>salva</span> <span class='ocrx_word' id='word_1_240' title='bbox 1099 2501 1243 2587; x_wconf 90' lang='lat' dir='ltr'>lege</span> <span class='ocrx_word' id='word_1_241' title='bbox 1281 2498 1586 2565; x_wconf 81' lang='lat' dir='ltr'>Cornelia</span> <span class='ocrx_word' id='word_1_242' title='bbox 1633 2501 1996 2581; x_wconf 87' lang='lat' dir='ltr'>convenias,</span> <span class='ocrx_word' id='word_1_243' title='bbox 2043 2520 2164 2585; x_wconf 88' lang='lat' dir='ltr'>ego</span> <span class='ocrx_word' id='word_1_244' title='bbox 2210 2501 2279 2565; x_wconf 91' lang='lat' dir='ltr'>in</span> <span class='ocrx_word' id='word_1_245' title='bbox 2326 2503 2730 2584; x_wconf 85' lang='lat' dir='ltr'>provinciam</span> 
     </span>
     <span class='ocr_line' id='line_1_27' title="bbox 380 2587 2729 2674; baseline 0.001 -22"><span class='ocrx_word' id='word_1_246' title='bbox 380 2590 530 2653; x_wconf 83' lang='lat' dir='ltr'>veni</span> <span class='ocrx_word' id='word_1_247' title='bbox 575 2590 784 2673; x_wconf 89' lang='lat' dir='ltr'>pridie</span> <span class='ocrx_word' id='word_1_248' title='bbox 831 2588 1159 2653; x_wconf 89' lang='lat' dir='ltr'>Kalendas</span> <span class='ocrx_word' id='word_1_249' title='bbox 1208 2587 1509 2673; x_wconf 83' lang='lat' dir='ltr'>Sextiles,</span> <span class='ocrx_word' id='word_1_250' title='bbox 1555 2588 1678 2652; x_wconf 89' lang='lat' dir='ltr'>iter</span> <span class='ocrx_word' id='word_1_251' title='bbox 1721 2590 1791 2652; x_wconf 93' lang='lat' dir='ltr'>in</span> <span class='ocrx_word' id='word_1_252' title='bbox 1840 2587 2137 2653; x_wconf 85' lang='lat' dir='ltr'>Ciliciam</span> <span class='ocrx_word' id='word_1_253' title='bbox 2183 2590 2352 2653; x_wconf 85' lang='lat' dir='ltr'>facio</span> <span class='ocrx_word' id='word_1_254' title='bbox 2399 2611 2515 2673; x_wconf 89' lang='lat' dir='ltr'>per</span> <span class='ocrx_word' id='word_1_255' title='bbox 2562 2589 2729 2674; x_wconf 83' lang='lat' dir='ltr'>Gap-</span> 
     </span>
     <span class='ocr_line' id='line_1_28' title="bbox 382 2675 2730 2762; baseline 0 -20"><span class='ocrx_word' id='word_1_256' title='bbox 382 2678 742 2762; x_wconf 87' lang='lat' dir='ltr'>padociam,</span> <span class='ocrx_word' id='word_1_257' title='bbox 789 2681 1006 2742; x_wconf 91' lang='lat' dir='ltr'>castra</span> <span class='ocrx_word' id='word_1_258' title='bbox 1053 2679 1227 2742; x_wconf 86' lang='lat' dir='ltr'>movi</span> <span class='ocrx_word' id='word_1_259' title='bbox 1275 2678 1356 2742; x_wconf 88' lang='lat' dir='ltr'>ab</span> <span class='ocrx_word' id='word_1_260' title='bbox 1402 2676 1625 2742; x_wconf 90' lang='lat' dir='ltr'>Iconio</span> <span class='ocrx_word' id='word_1_261' title='bbox 1674 2677 1878 2761; x_wconf 88' lang='lat' dir='ltr'>pridie</span> <span class='ocrx_word' id='word_1_262' title='bbox 1925 2677 2249 2743; x_wconf 87' lang='lat' dir='ltr'>Kalendas</span> <span class='ocrx_word' id='word_1_263' title='bbox 2296 2675 2730 2761; x_wconf 86' lang='lat' dir='ltr'>Septembres.</span> 
     </span>
     <span class='ocr_line' id='line_1_29' title="bbox 373 2764 2729 2849; baseline 0.002 -21"><span class='ocrx_word' id='word_1_264' title='bbox 373 2764 563 2831; x_wconf 90' lang='lat' dir='ltr'>Nunc</span> <span class='ocrx_word' id='word_1_265' title='bbox 618 2772 692 2829; x_wconf 82' lang='lat' dir='ltr'>tu</span> <span class='ocrx_word' id='word_1_266' title='bbox 748 2769 814 2831; x_wconf 90' lang='lat' dir='ltr'>et</span> <span class='ocrx_word' id='word_1_267' title='bbox 870 2787 946 2829; x_wconf 91' lang='lat' dir='ltr'>ex</span> <span class='ocrx_word' id='word_1_268' title='bbox 1002 2765 1229 2830; x_wconf 93' lang='lat' dir='ltr'>diebus</span> <span class='ocrx_word' id='word_1_269' title='bbox 1287 2770 1353 2830; x_wconf 92' lang='lat' dir='ltr'>et</span> <span class='ocrx_word' id='word_1_270' title='bbox 1410 2786 1490 2829; x_wconf 88' lang='lat' dir='ltr'>ex</span> <span class='ocrx_word' id='word_1_271' title='bbox 1544 2767 1795 2830; x_wconf 89' lang='lat' dir='ltr'>ratione</span> <span class='ocrx_word' id='word_1_272' title='bbox 1851 2766 2133 2845; x_wconf 90' lang='lat' dir='ltr'>itineris,</span> <span class='ocrx_word' id='word_1_273' title='bbox 2193 2767 2249 2830; x_wconf 94' lang='lat' dir='ltr'>si</span> <span class='ocrx_word' id='word_1_274' title='bbox 2304 2768 2566 2849; x_wconf 91' lang='lat' dir='ltr'>putabis</span> <span class='ocrx_word' id='word_1_275' title='bbox 2621 2789 2729 2832; x_wconf 90' lang='lat' dir='ltr'>me</span> 
     </span>
     <span class='ocr_line' id='line_1_30' title="bbox 378 2854 2729 2939; baseline 0.001 -22"><span class='ocrx_word' id='word_1_276' title='bbox 378 2876 519 2918; x_wconf 87' lang='lat' dir='ltr'>esse</span> <span class='ocrx_word' id='word_1_277' title='bbox 568 2854 1095 2937; x_wconf 84' lang='lat' dir='ltr'>conveniendum,</span> <span class='ocrx_word' id='word_1_278' title='bbox 1142 2855 1515 2938; x_wconf 75' lang='lat' dir='ltr'>constitueS,</span> <span class='ocrx_word' id='word_1_279' title='bbox 1564 2875 1688 2939; x_wconf 90' lang='lat' dir='ltr'>quo</span> <span class='ocrx_word' id='word_1_280' title='bbox 1736 2855 1880 2919; x_wconf 94' lang='lat' dir='ltr'>loco</span> <span class='ocrx_word' id='word_1_281' title='bbox 1921 2855 1988 2919; x_wconf 93' lang='lat' dir='ltr'>id</span> <span class='ocrx_word' id='word_1_282' title='bbox 2028 2855 2546 2920; x_wconf 87' lang='lat' dir='ltr'>commodissime</span> <span class='ocrx_word' id='word_1_283' title='bbox 2583 2856 2729 2920; x_wconf 90' lang='lat' dir='ltr'>fieri</span> 
     </span>
     <span class='ocr_line' id='line_1_31' title="bbox 375 2943 1032 3026; baseline 0 -20"><span class='ocrx_word' id='word_1_284' title='bbox 375 2944 586 3025; x_wconf 88' lang='lat' dir='ltr'>possit</span> <span class='ocrx_word' id='word_1_285' title='bbox 632 2945 696 3006; x_wconf 89' lang='lat' dir='ltr'>et</span> <span class='ocrx_word' id='word_1_286' title='bbox 741 2965 868 3026; x_wconf 91' lang='lat' dir='ltr'>quo</span> <span class='ocrx_word' id='word_1_287' title='bbox 916 2943 1032 3006; x_wconf 90' lang='lat' dir='ltr'>die.</span> 
     </span>
    </p>
   </div>
   <div class='ocr_carea' id='block_1_3' title="bbox 368 3131 1496 4335">
    <p class='ocr_par' dir='ltr' id='par_1_5' title="bbox 373 3131 1496 3415">
     <span class='ocr_line' id='line_1_32' title="bbox 373 3131 1493 3201; baseline 0.003 -16"><span class='ocrx_word' id='word_1_288' title='bbox 373 3131 589 3201; x_wconf 89' lang='lat' dir='ltr'>Appius</span> <span class='ocrx_word' id='word_1_289' title='bbox 638 3132 805 3199; x_wconf 90' lang='lat' dir='ltr'>hielt,</span> <span class='ocrx_word' id='word_1_290' title='bbox 850 3133 1126 3188; x_wconf 82' lang='lat' dir='ltr'>trotzdem</span> <span class='ocrx_word' id='word_1_291' title='bbox 1174 3150 1232 3187; x_wconf 92' lang='lat' dir='ltr'>er</span> <span class='ocrx_word' id='word_1_292' title='bbox 1276 3132 1493 3201; x_wconf 78' lang='lat' dir='ltr'>wurete,</span> 
     </span>
     <span class='ocr_line' id='line_1_33' title="bbox 375 3202 1496 3273; baseline 0.001 -18"><span class='ocrx_word' id='word_1_293' title='bbox 375 3202 499 3256; x_wconf 82' lang='lat' dir='ltr'>dass</span> <span class='ocrx_word' id='word_1_294' title='bbox 557 3204 675 3257; x_wconf 89' lang='lat' dir='ltr'>sein</span> <span class='ocrx_word' id='word_1_295' title='bbox 710 3203 1055 3273; x_wconf 85' lang='lat' dir='ltr'>Nachfolger</span> <span class='ocrx_word' id='word_1_296' title='bbox 1093 3204 1265 3259; x_wconf 86' lang='lat' dir='ltr'>sehon</span> <span class='ocrx_word' id='word_1_297' title='bbox 1302 3202 1361 3258; x_wconf 90' lang='lat' dir='ltr'>in</span> <span class='ocrx_word' id='word_1_298' title='bbox 1399 3205 1496 3258; x_wconf 88' lang='lat' dir='ltr'>der</span> 
     </span>
     <span class='ocr_line' id='line_1_34' title="bbox 373 3273 1494 3343; baseline 0.002 -16"><span class='ocrx_word' id='word_1_299' title='bbox 373 3274 610 3329; x_wconf 83' lang='lat' dir='ltr'>Provinz</span> <span class='ocrx_word' id='word_1_300' title='bbox 657 3292 801 3343; x_wconf 82' lang='lat' dir='ltr'>war,</span> <span class='ocrx_word' id='word_1_301' title='bbox 846 3293 913 3328; x_wconf 85' lang='lat' dir='ltr'>zu</span> <span class='ocrx_word' id='word_1_302' title='bbox 952 3276 1157 3329; x_wconf 82' lang='lat' dir='ltr'>Tarsus</span> <span class='ocrx_word' id='word_1_303' title='bbox 1206 3274 1352 3329; x_wconf 87' lang='lat' dir='ltr'>noch</span> <span class='ocrx_word' id='word_1_304' title='bbox 1391 3273 1494 3329; x_wconf 85' lang='lat' dir='ltr'>Ge·</span> 
     </span>
     <span class='ocr_line' id='line_1_35' title="bbox 374 3346 810 3415; baseline 0.005 -17"><span class='ocrx_word' id='word_1_305' title='bbox 374 3346 683 3415; x_wconf 84' lang='lat' dir='ltr'>richtstage</span> <span class='ocrx_word' id='word_1_306' title='bbox 722 3346 810 3400; x_wconf 90' lang='lat' dir='ltr'>ab.</span> 
     </span>
    </p>

    <p class='ocr_par' dir='ltr' id='par_1_6' title="bbox 368 3414 1494 4335">
     <span class='ocr_line' id='line_1_36' title="bbox 446 3414 1494 3487; baseline -0.001 -17"><span class='ocrx_word' id='word_1_307' title='bbox 446 3421 495 3470; x_wconf 88' lang='lat'>5.</span> <span class='ocrx_word' id='word_1_308' title='bbox 550 3433 669 3471; x_wconf 81' lang='lat' dir='ltr'>vere</span> <span class='ocrx_word' id='word_1_309' title='bbox 723 3416 930 3487; x_wconf 80' lang='lat' dir='ltr'>dicam]</span> <span class='ocrx_word' id='word_1_310' title='bbox 988 3433 1030 3468; x_wconf 92' lang='lat' dir='ltr'>s.</span> <span class='ocrx_word' id='word_1_311' title='bbox 1087 3414 1494 3470; x_wconf 76' lang='lat' dir='ltr'>z.11.11.1=</span> 
     </span>
     <span class='ocr_line' id='line_1_37' title="bbox 373 3487 1493 3569; baseline 0.001 -29"><span class='ocrx_word' id='word_1_312' title='bbox 373 3504 491 3541; x_wconf 83' lang='lat' dir='ltr'>vere</span> <span class='ocrx_word' id='word_1_313' title='bbox 517 3488 769 3542; x_wconf 80' lang='lat' dir='ltr'>scribam.</span> <span class='ocrx_word' id='word_1_314' title='bbox 798 3517 866 3526; x_wconf 94' lang='lat'><strong>—</strong></span> <span class='ocrx_word' id='word_1_315' title='bbox 894 3487 1073 3542; x_wconf 79' lang='lat' dir='ltr'>abesse</span> <span class='ocrx_word' id='word_1_316' title='bbox 1098 3491 1207 3541; x_wconf 76' lang='lat' dir='ltr'>tres</span> <span class='ocrx_word' id='word_1_317' title='bbox 1233 3487 1493 3569; x_wconf 76' lang='lat' dir='ltr'>cohortes]</span> 
     </span>
     <span class='ocr_line' id='line_1_38' title="bbox 374 3556 1494 3612; baseline 0 -1"><span class='ocrx_word' id='word_1_318' title='bbox 374 3556 549 3611; x_wconf 87' lang='lat' dir='ltr'>Unter</span> <span class='ocrx_word' id='word_1_319' title='bbox 612 3558 720 3611; x_wconf 91' lang='lat' dir='ltr'>den</span> <span class='ocrx_word' id='word_1_320' title='bbox 778 3556 1046 3611; x_wconf 86' lang='lat' dir='ltr'>Soldaten</span> <span class='ocrx_word' id='word_1_321' title='bbox 1105 3557 1208 3611; x_wconf 90' lang='lat' dir='ltr'>der</span> <span class='ocrx_word' id='word_1_322' title='bbox 1259 3557 1494 3612; x_wconf 85' lang='lat' dir='ltr'>Provinz</span> 
     </span>
     <span class='ocr_line' id='line_1_39' title="bbox 371 3627 1493 3697; baseline 0.001 -16"><span class='ocrx_word' id='word_1_323' title='bbox 371 3647 486 3682; x_wconf 85' lang='lat' dir='ltr'>war</span> <span class='ocrx_word' id='word_1_324' title='bbox 546 3628 669 3683; x_wconf 90' lang='lat' dir='ltr'>eine</span> <span class='ocrx_word' id='word_1_325' title='bbox 723 3627 997 3682; x_wconf 86' lang='lat' dir='ltr'>Meuterei</span> <span class='ocrx_word' id='word_1_326' title='bbox 1053 3628 1493 3697; x_wconf 85' lang='lat' dir='ltr'>ausgebrochen‚</span> 
     </span>
     <span class='ocr_line' id='line_1_40' title="bbox 372 3695 1491 3781; baseline 0 -29"><span class='ocrx_word' id='word_1_327' title='bbox 372 3700 461 3754; x_wconf 88' lang='lat' dir='ltr'>die</span> <span class='ocrx_word' id='word_1_328' title='bbox 508 3699 725 3781; x_wconf 86' lang='lat' dir='ltr'>Appius</span> <span class='ocrx_word' id='word_1_329' title='bbox 774 3699 947 3753; x_wconf 87' lang='lat' dir='ltr'>durch</span> <span class='ocrx_word' id='word_1_330' title='bbox 983 3695 1347 3768; x_wconf 84' lang='lat' dir='ltr'>Auszahlung</span> <span class='ocrx_word' id='word_1_331' title='bbox 1394 3698 1491 3752; x_wconf 86' lang='lat' dir='ltr'>des</span> 
     </span>
     <span class='ocr_line' id='line_1_41' title="bbox 369 3768 1493 3839; baseline -0.001 -15"><span class='ocrx_word' id='word_1_332' title='bbox 369 3769 735 3839; x_wconf 78' lang='lat' dir='ltr'>rfickst&#39;andig</span> <span class='ocrx_word' id='word_1_333' title='bbox 739 3786 808 3823; x_wconf 90' lang='lat' dir='ltr'>en</span> <span class='ocrx_word' id='word_1_334' title='bbox 903 3768 1098 3824; x_wconf 85' lang='lat' dir='ltr'>Soldes</span> <span class='ocrx_word' id='word_1_335' title='bbox 1188 3769 1276 3823; x_wconf 89' lang='lat' dir='ltr'>bis</span> <span class='ocrx_word' id='word_1_336' title='bbox 1367 3788 1493 3823; x_wconf 87' lang='lat' dir='ltr'>zum</span> 
     </span>
     <span class='ocr_line' id='line_1_42' title="bbox 374 3789 1489 3910; baseline 0 -16"><span class='ocrx_word' id='word_1_337' title='bbox 374 3847 455 3895; x_wconf 86' lang='lat'>15.</span> <span class='ocrx_word' id='word_1_338' title='bbox 494 3840 610 3895; x_wconf 87' lang='lat' dir='ltr'>Juli</span> <span class='ocrx_word' id='word_1_339' title='bbox 649 3789 1060 3910; x_wconf 74' lang='lat' dir='ltr'>begschwichtig</span> <span class='ocrx_word' id='word_1_340' title='bbox 1062 3843 1150 3895; x_wconf 86' lang='grc'>110.-</span> <span class='ocrx_word' id='word_1_341' title='bbox 1200 3839 1352 3894; x_wconf 74' lang='lat' dir='ltr'><strong>Ffinf</strong></span> <span class='ocrx_word' id='word_1_342' title='bbox 1380 3839 1489 3894; x_wconf 90' lang='lat' dir='ltr'>Ko-</span> 
     </span>
     <span class='ocr_line' id='line_1_43' title="bbox 368 3860 1489 3981; baseline 0.001 -17"><span class='ocrx_word' id='word_1_343' title='bbox 368 3911 570 3967; x_wconf 85' lang='lat' dir='ltr'>horten</span> <span class='ocrx_word' id='word_1_344' title='bbox 608 3915 672 3981; x_wconf 90' lang='lat' dir='ltr'>(s.</span> <span class='ocrx_word' id='word_1_345' title='bbox 712 3912 780 3966; x_wconf 91' lang='grc' dir='ltr'>ΙΙ.</span> <span class='ocrx_word' id='word_1_346' title='bbox 821 3916 905 3965; x_wconf 95' lang='grc'>28.</span> <span class='ocrx_word' id='word_1_347' title='bbox 946 3860 1060 3980; x_wconf 63' lang='grc'>28)</span> <span class='ocrx_word' id='word_1_348' title='bbox 1071 3914 1333 3965; x_wconf 83' lang='lat' dir='ltr'>trennten</span> <span class='ocrx_word' id='word_1_349' title='bbox 1370 3910 1489 3965; x_wconf 88' lang='lat' dir='ltr'>sich</span> 
     </span>
     <span class='ocr_line' id='line_1_44' title="bbox 368 3980 1491 4051; baseline 0.001 -16"><span class='ocrx_word' id='word_1_350' title='bbox 368 3982 627 4037; x_wconf 87' lang='lat' dir='ltr'>indessen</span> <span class='ocrx_word' id='word_1_351' title='bbox 673 3999 803 4037; x_wconf 84' lang='lat' dir='ltr'>vom</span> <span class='ocrx_word' id='word_1_352' title='bbox 849 3982 1031 4037; x_wconf 87' lang='lat' dir='ltr'>Heere</span> <span class='ocrx_word' id='word_1_353' title='bbox 1075 3980 1190 4035; x_wconf 87' lang='lat' dir='ltr'>und</span> <span class='ocrx_word' id='word_1_354' title='bbox 1236 3983 1491 4051; x_wconf 85' lang='lat' dir='ltr'>lagerten</span> 
     </span>
     <span class='ocr_line' id='line_1_45' title="bbox 368 4043 1492 4108; baseline 0.002 -3"><span class='ocrx_word' id='word_1_355' title='bbox 368 4043 460 4107; x_wconf 90' lang='lat' dir='ltr'>bei</span> <span class='ocrx_word' id='word_1_356' title='bbox 483 4051 896 4108; x_wconf 85' lang='lat' dir='ltr'>Philomelium.</span> <span class='ocrx_word' id='word_1_357' title='bbox 926 4051 1256 4107; x_wconf 84' lang='lat' dir='ltr'>Ausserdem</span> <span class='ocrx_word' id='word_1_358' title='bbox 1276 4052 1492 4107; x_wconf 88' lang='lat' dir='ltr'>fehlten</span> 
     </span>
     <span class='ocr_line' id='line_1_46' title="bbox 368 4124 1492 4192; baseline 0.002 -16"><span class='ocrx_word' id='word_1_359' title='bbox 368 4125 514 4178; x_wconf 87' lang='lat' dir='ltr'>noch</span> <span class='ocrx_word' id='word_1_360' title='bbox 562 4125 682 4176; x_wconf 90' lang='lat' dir='ltr'>drei</span> <span class='ocrx_word' id='word_1_361' title='bbox 718 4124 1008 4178; x_wconf 89' lang='lat' dir='ltr'>Kohorten</span> <span class='ocrx_word' id='word_1_362' title='bbox 1049 4124 1334 4192; x_wconf 70' lang='lat' dir='ltr'>ganzlich,</span> <span class='ocrx_word' id='word_1_363' title='bbox 1381 4141 1492 4178; x_wconf 85' lang='lat' dir='ltr'>von</span> 
     </span>
     <span class='ocr_line' id='line_1_47' title="bbox 369 4192 1490 4263; baseline 0.003 -18"><span class='ocrx_word' id='word_1_364' title='bbox 369 4194 551 4247; x_wconf 88' lang='lat' dir='ltr'>denen</span> <span class='ocrx_word' id='word_1_365' title='bbox 589 4192 780 4247; x_wconf 89' lang='lat' dir='ltr'>Cicero</span> <span class='ocrx_word' id='word_1_366' title='bbox 826 4193 986 4248; x_wconf 88' lang='lat' dir='ltr'>nicht</span> <span class='ocrx_word' id='word_1_367' title='bbox 1028 4193 1237 4248; x_wconf 86' lang='lat' dir='ltr'>eimnal</span> <span class='ocrx_word' id='word_1_368' title='bbox 1276 4193 1490 4263; x_wconf 83' lang='lat' dir='ltr'>wusste,</span> 
     </span>
     <span class='ocr_line' id='line_1_48' title="bbox 375 4263 1491 4335; baseline 0.001 -19"><span class='ocrx_word' id='word_1_369' title='bbox 375 4280 459 4317; x_wconf 85' lang='lat' dir='ltr'>wo</span> <span class='ocrx_word' id='word_1_370' title='bbox 507 4263 587 4317; x_wconf 86' lang='lat' dir='ltr'>sie</span> <span class='ocrx_word' id='word_1_371' title='bbox 634 4280 849 4329; x_wconf 82' lang='lat' dir='ltr'>waren,</span> <span class='ocrx_word' id='word_1_372' title='bbox 897 4264 1024 4318; x_wconf 86' lang='lat' dir='ltr'>weil</span> <span class='ocrx_word' id='word_1_373' title='bbox 1070 4266 1285 4335; x_wconf 88' lang='lat' dir='ltr'>Appius</span> <span class='ocrx_word' id='word_1_374' title='bbox 1330 4266 1491 4320; x_wconf 89' lang='lat' dir='ltr'>ihren</span> 
     </span>
    </p>
   </div>
   <div class='ocr_carea' id='block_1_4' title="bbox 1598 3134 2731 4278">
    <p class='ocr_par' dir='ltr' id='par_1_7' title="bbox 1601 3134 2731 3557">
     <span class='ocr_line' id='line_1_49' title="bbox 1601 3134 2728 3191; baseline 0.004 -4"><span class='ocrx_word' id='word_1_375' title='bbox 1601 3134 2056 3189; x_wconf 85' lang='lat' dir='ltr'>Aufenthaltsort</span> <span class='ocrx_word' id='word_1_376' title='bbox 2136 3134 2578 3191; x_wconf 81' lang='lat' dir='ltr'>verheimlichte.</span> <span class='ocrx_word' id='word_1_377' title='bbox 2655 3166 2728 3176; x_wconf 89' lang='lat'>-—</span> 
     </span>
     <span class='ocr_line' id='line_1_50' title="bbox 1602 3205 2726 3289; baseline 0 -28"><span class='ocrx_word' id='word_1_378' title='bbox 1602 3206 1964 3289; x_wconf 80' lang='lat' dir='ltr'>evocatorum]</span> <span class='ocrx_word' id='word_1_379' title='bbox 2024 3222 2091 3259; x_wconf 90' lang='lat' dir='ltr'>au</span> <span class='ocrx_word' id='word_1_380' title='bbox 2099 3205 2389 3276; x_wconf 84' lang='lat' dir='ltr'>sgediente</span> <span class='ocrx_word' id='word_1_381' title='bbox 2436 3205 2726 3272; x_wconf 83' lang='lat' dir='ltr'>Soldaten‚</span> 
     </span>
     <span class='ocr_line' id='line_1_51' title="bbox 1604 3276 2731 3346; baseline 0.003 -17"><span class='ocrx_word' id='word_1_382' title='bbox 1604 3276 1694 3330; x_wconf 90' lang='lat' dir='ltr'>die</span> <span class='ocrx_word' id='word_1_383' title='bbox 1713 3278 1777 3331; x_wconf 82' lang='lat' dir='ltr'>in</span> <span class='ocrx_word' id='word_1_384' title='bbox 1799 3281 1959 3331; x_wconf 81' lang='lat' dir='ltr'>tanta</span> <span class='ocrx_word' id='word_1_385' title='bbox 1976 3277 2211 3331; x_wconf 80' lang='lat' dir='ltr'>militum</span> <span class='ocrx_word' id='word_1_386' title='bbox 2223 3279 2509 3346; x_wconf 77' lang='lat' dir='ltr'>paucitate</span> <span class='ocrx_word' id='word_1_387' title='bbox 2518 3277 2731 3332; x_wconf 84' lang='lat' dir='ltr'>wieder</span> 
     </span>
     <span class='ocr_line' id='line_1_52' title="bbox 1603 3346 2727 3417; baseline 0.004 -17"><span class='ocrx_word' id='word_1_388' title='bbox 1603 3365 1669 3400; x_wconf 85' lang='lat' dir='ltr'>zu</span> <span class='ocrx_word' id='word_1_389' title='bbox 1709 3347 1814 3400; x_wconf 90' lang='lat' dir='ltr'>den</span> <span class='ocrx_word' id='word_1_390' title='bbox 1856 3346 2078 3402; x_wconf 81' lang='lat' dir='ltr'>Waffen</span> <span class='ocrx_word' id='word_1_391' title='bbox 2114 3348 2345 3417; x_wconf 85' lang='lat' dir='ltr'>gerufen</span> <span class='ocrx_word' id='word_1_392' title='bbox 2382 3348 2624 3403; x_wconf 86' lang='lat' dir='ltr'>worden.</span> <span class='ocrx_word' id='word_1_393' title='bbox 2655 3379 2727 3389; x_wconf 94' lang='lat'><strong>—</strong></span> 
     </span>
     <span class='ocr_line' id='line_1_53' title="bbox 1604 3418 2721 3489; baseline 0.001 -17"><span class='ocrx_word' id='word_1_394' title='bbox 1604 3418 1676 3472; x_wconf 84' lang='lat' dir='ltr'>al.</span> <span class='ocrx_word' id='word_1_395' title='bbox 1706 3418 1933 3489; x_wconf 74' lang='lat' dir='ltr'>neyotiz]</span> <span class='ocrx_word' id='word_1_396' title='bbox 1968 3419 2102 3472; x_wconf 75' lang='lat' dir='ltr'>uber</span> <span class='ocrx_word' id='word_1_397' title='bbox 2130 3418 2282 3473; x_wconf 83' lang='lat' dir='ltr'>scine</span> <span class='ocrx_word' id='word_1_398' title='bbox 2312 3418 2721 3474; x_wconf 66' lang='lat' dir='ltr'>militarischen</span> 
     </span>
     <span class='ocr_line' id='line_1_54' title="bbox 1605 3488 2295 3557; baseline 0.001 -14"><span class='ocrx_word' id='word_1_399' title='bbox 1605 3488 1981 3557; x_wconf 85' lang='lat' dir='ltr'>Operationen</span> <span class='ocrx_word' id='word_1_400' title='bbox 2018 3488 2168 3543; x_wconf 83' lang='lat' dir='ltr'>s.11.</span> <span class='ocrx_word' id='word_1_401' title='bbox 2208 3495 2295 3545; x_wconf 91' lang='grc'>28.</span> 
     </span>
    </p>

    <p class='ocr_par' dir='ltr' id='par_1_8' title="bbox 1598 3558 2729 4267">
     <span class='ocr_line' id='line_1_55' title="bbox 1677 3558 2724 3630; baseline 0.002 -17"><span class='ocrx_word' id='word_1_402' title='bbox 1677 3565 1727 3613; x_wconf 87' lang='grc'>6.</span> <span class='ocrx_word' id='word_1_403' title='bbox 1783 3561 2040 3614; x_wconf 75' lang='lat' dir='ltr'>nonnihil</span> <span class='ocrx_word' id='word_1_404' title='bbox 2077 3560 2205 3630; x_wconf 81' lang='lat' dir='ltr'>loci]</span> <span class='ocrx_word' id='word_1_405' title='bbox 2249 3560 2470 3629; x_wconf 85' lang='lat' dir='ltr'>einigen</span> <span class='ocrx_word' id='word_1_406' title='bbox 2507 3558 2724 3615; x_wconf 74' lang='lat' dir='ltr'>AnlaI&#39;S.</span> 
     </span>
     <span class='ocr_line' id='line_1_56' title="bbox 1605 3630 2728 3702; baseline 0.002 -19"><span class='ocrx_word' id='word_1_407' title='bbox 1605 3661 1671 3669; x_wconf 94' lang='lat'><strong>—</strong></span> <span class='ocrx_word' id='word_1_408' title='bbox 1709 3635 1825 3684; x_wconf 80' lang='lat' dir='ltr'>ut.</span> <span class='ocrx_word' id='word_1_409' title='bbox 1867 3631 2115 3702; x_wconf 75' lang='grc' dir='ltr'>.Ροεεί8]</span> <span class='ocrx_word' id='word_1_410' title='bbox 2156 3632 2255 3685; x_wconf 88' lang='lat' dir='ltr'>der</span> <span class='ocrx_word' id='word_1_411' title='bbox 2289 3631 2417 3686; x_wconf 85' lang='lat' dir='ltr'>Satz</span> <span class='ocrx_word' id='word_1_412' title='bbox 2453 3630 2531 3685; x_wconf 86' lang='lat' dir='ltr'>ist</span> <span class='ocrx_word' id='word_1_413' title='bbox 2565 3630 2728 3686; x_wconf 86' lang='lat' dir='ltr'>nicht</span> 
     </span>
     <span class='ocr_line' id='line_1_57' title="bbox 1604 3701 2726 3784; baseline 0.002 -31"><span class='ocrx_word' id='word_1_414' title='bbox 1604 3717 1713 3782; x_wconf 83' lang='lat' dir='ltr'>eng</span> <span class='ocrx_word' id='word_1_415' title='bbox 1756 3701 1862 3755; x_wconf 88' lang='lat' dir='ltr'>mit</span> <span class='ocrx_word' id='word_1_416' title='bbox 1898 3718 1999 3781; x_wconf 74' lang='lat'>69⁰</span> <span class='ocrx_word' id='word_1_417' title='bbox 2045 3703 2108 3756; x_wconf 78' lang='lat' dir='ltr'>in</span> <span class='ocrx_word' id='word_1_418' title='bbox 2135 3718 2292 3784; x_wconf 78' lang='lat' dir='ltr'>prov.</span> <span class='ocrx_word' id='word_1_419' title='bbox 2331 3703 2457 3757; x_wconf 79' lang='lat' dir='ltr'>veni</span> <span class='ocrx_word' id='word_1_420' title='bbox 2492 3719 2561 3756; x_wconf 86' lang='lat' dir='ltr'>zu</span> <span class='ocrx_word' id='word_1_421' title='bbox 2598 3718 2726 3757; x_wconf 86' lang='lat' dir='ltr'>ver-</span> 
     </span>
     <span class='ocr_line' id='line_1_58' title="bbox 1601 3769 2728 3842; baseline 0.004 -19"><span class='ocrx_word' id='word_1_422' title='bbox 1601 3769 1825 3834; x_wconf 88' lang='lat' dir='ltr'>binden</span> <span class='ocrx_word' id='word_1_423' title='bbox 1856 3771 1948 3827; x_wconf 92' lang='lat' dir='ltr'>die</span> <span class='ocrx_word' id='word_1_424' title='bbox 1977 3773 2131 3827; x_wconf 85' lang='lat' dir='ltr'>Rede</span> <span class='ocrx_word' id='word_1_425' title='bbox 2159 3772 2236 3827; x_wconf 87' lang='lat' dir='ltr'>ist</span> <span class='ocrx_word' id='word_1_426' title='bbox 2262 3772 2535 3827; x_wconf 85' lang='lat' dir='ltr'>vielmehr</span> <span class='ocrx_word' id='word_1_427' title='bbox 2562 3772 2728 3842; x_wconf 89' lang='lat' dir='ltr'>ellip—</span> 
     </span>
     <span class='ocr_line' id='line_1_59' title="bbox 1601 3842 2728 3910; baseline 0.004 -16"><span class='ocrx_word' id='word_1_428' title='bbox 1601 3842 1838 3895; x_wconf 83' lang='lat' dir='ltr'>tisch===</span> <span class='ocrx_word' id='word_1_429' title='bbox 1860 3842 2039 3897; x_wconf 90' lang='lat' dir='ltr'>damit</span> <span class='ocrx_word' id='word_1_430' title='bbox 2071 3844 2145 3897; x_wconf 90' lang='lat' dir='ltr'>du</span> <span class='ocrx_word' id='word_1_431' title='bbox 2164 3844 2480 3898; x_wconf 86' lang='lat' dir='ltr'>berechnen</span> <span class='ocrx_word' id='word_1_432' title='bbox 2498 3845 2728 3910; x_wconf 86' lang='lat' dir='ltr'>kannst,</span> 
     </span>
     <span class='ocr_line' id='line_1_60' title="bbox 1601 3912 2726 3983; baseline 0.004 -18"><span class='ocrx_word' id='word_1_433' title='bbox 1601 3928 1661 3966; x_wconf 90' lang='lat' dir='ltr'>so</span> <span class='ocrx_word' id='word_1_434' title='bbox 1698 3912 1832 3967; x_wconf 87' lang='lat' dir='ltr'>teile</span> <span class='ocrx_word' id='word_1_435' title='bbox 1869 3913 1962 3967; x_wconf 91' lang='lat' dir='ltr'>ich</span> <span class='ocrx_word' id='word_1_436' title='bbox 2000 3914 2087 3967; x_wconf 90' lang='lat' dir='ltr'>dir</span> <span class='ocrx_word' id='word_1_437' title='bbox 2122 3913 2414 3983; x_wconf 85' lang='lat' dir='ltr'>folgendes</span> <span class='ocrx_word' id='word_1_438' title='bbox 2451 3913 2583 3969; x_wconf 88' lang='lat' dir='ltr'>mit:</span> <span class='ocrx_word' id='word_1_439' title='bbox 2623 3916 2726 3970; x_wconf 88' lang='lat' dir='ltr'>Ich</span> 
     </span>
     <span class='ocr_line' id='line_1_61' title="bbox 1599 3982 2726 4067; baseline 0.004 -31"><span class='ocrx_word' id='word_1_440' title='bbox 1599 3982 1738 4038; x_wconf 92' lang='lat' dir='ltr'>bin.</span> <span class='ocrx_word' id='word_1_441' title='bbox 1824 4015 1892 4023; x_wconf 94' lang='lat'>—</span> <span class='ocrx_word' id='word_1_442' title='bbox 1928 3985 2121 4067; x_wconf 56' lang='lat' dir='ltr'>hahere</span> <span class='ocrx_word' id='word_1_443' title='bbox 2155 3985 2445 4055; x_wconf 79' lang='lat' dir='ltr'>rationem]</span> <span class='ocrx_word' id='word_1_444' title='bbox 2493 3986 2726 4040; x_wconf 89' lang='lat' dir='ltr'>berech·</span> 
     </span>
     <span class='ocr_line' id='line_1_62' title="bbox 1598 4052 2729 4126; baseline 0.004 -19"><span class='ocrx_word' id='word_1_445' title='bbox 1598 4069 1732 4118; x_wconf 89' lang='lat' dir='ltr'>nen;</span> <span class='ocrx_word' id='word_1_446' title='bbox 1771 4052 1973 4109; x_wconf 72' lang='lat' dir='ltr'>anders</span> <span class='ocrx_word' id='word_1_447' title='bbox 2009 4056 2087 4109; x_wconf 90' lang='lat' dir='ltr'>im</span> <span class='ocrx_word' id='word_1_448' title='bbox 2128 4073 2242 4111; x_wconf 86' lang='lat' dir='ltr'>vor.</span> <span class='ocrx_word' id='word_1_449' title='bbox 2271 4054 2361 4112; x_wconf 87' lang='lat' dir='ltr'>Br.</span> <span class='ocrx_word' id='word_1_450' title='bbox 2390 4061 2420 4122; x_wconf 65' lang='grc' dir='ltr'>ξ</span> <span class='ocrx_word' id='word_1_451' title='bbox 2452 4062 2498 4112; x_wconf 93' lang='grc'>1.</span> <span class='ocrx_word' id='word_1_452' title='bbox 2530 4088 2598 4096; x_wconf 88' lang='grc'><strong>-</strong></span> <span class='ocrx_word' id='word_1_453' title='bbox 2625 4073 2729 4126; x_wconf 83' lang='lat' dir='ltr'>per</span> 
     </span>
     <span class='ocr_line' id='line_1_63' title="bbox 1603 4124 2729 4198; baseline 0.003 -20"><span class='ocrx_word' id='word_1_454' title='bbox 1603 4124 2034 4198; x_wconf 74' lang='lat' dir='ltr'>Cappadociam]</span> <span class='ocrx_word' id='word_1_455' title='bbox 2065 4143 2278 4181; x_wconf 85' lang='lat' dir='ltr'>warum</span> <span class='ocrx_word' id='word_1_456' title='bbox 2308 4143 2367 4181; x_wconf 90' lang='lat' dir='ltr'>er</span> <span class='ocrx_word' id='word_1_457' title='bbox 2394 4127 2502 4181; x_wconf 90' lang='lat' dir='ltr'>den</span> <span class='ocrx_word' id='word_1_458' title='bbox 2529 4127 2729 4197; x_wconf 77' lang='lat' dir='ltr'>lange-</span> 
     </span>
     <span class='ocr_line' id='line_1_64' title="bbox 1600 4195 2722 4278; baseline 0.002 -30"><span class='ocrx_word' id='word_1_459' title='bbox 1600 4211 1699 4249; x_wconf 84' lang='grc'>1011</span> <span class='ocrx_word' id='word_1_460' title='bbox 1720 4195 1865 4266; x_wconf 87' lang='lat' dir='ltr'>Weg</span> <span class='ocrx_word' id='word_1_461' title='bbox 1895 4197 2069 4278; x_wconf 85' lang='lat' dir='ltr'>durch</span> <span class='ocrx_word' id='word_1_462' title='bbox 2097 4196 2497 4267; x_wconf 88' lang='lat' dir='ltr'>Kappadocien</span> <span class='ocrx_word' id='word_1_463' title='bbox 2528 4199 2722 4265; x_wconf 83' lang='lat' dir='ltr'>nahm,</span> 
     </span>
    </p>
   </div>
   <div class='ocr_carea' id='block_1_5' title="bbox 1602 4266 2436 4323">
    <p class='ocr_par' dir='ltr' id='par_1_9' title="bbox 1602 4266 2436 4323">
     <span class='ocr_line' id='line_1_65' title="bbox 1602 4266 2436 4323; baseline 0.004 -5"><span class='ocrx_word' id='word_1_464' title='bbox 1602 4266 1835 4322; x_wconf 85' lang='lat' dir='ltr'>ersehen</span> <span class='ocrx_word' id='word_1_465' title='bbox 1873 4266 1974 4321; x_wconf 83' lang='lat' dir='ltr'>wir</span> <span class='ocrx_word' id='word_1_466' title='bbox 2011 4284 2113 4322; x_wconf 85' lang='lat' dir='ltr'>aus</span> <span class='ocrx_word' id='word_1_467' title='bbox 2150 4269 2217 4323; x_wconf 92' lang='lat'>11.</span> <span class='ocrx_word' id='word_1_468' title='bbox 2259 4272 2342 4323; x_wconf 82' lang='lat'>28.</span> <span class='ocrx_word' id='word_1_469' title='bbox 2383 4274 2436 4322; x_wconf 93' lang='lat'>4.</span> 
     </span>
    </p>
   </div>
  </div>
 </body>
</html>
