3000 4917
429 218 559 283 206
1199 218 1337 275 LIB.
1377 219 1470 275 ΙΙΙ.
1531 218 1754 275 EPIST.
1794 224 1878 274 38.
1917 226 2003 275 39.

1220 415 1579 482 EPISTULA
1624 415 1990 481 XXXVIII.

1310 539 1421 609 (Ad
1450 537 1584 595 fam.
1612 537 1759 593 X111.
1789 540 1899 607 26.)

1123 662 1452 718 CICERO
1513 660 1844 718 SERVIO
1903 660 2082 716 SAL.

373 793 409 855 1
608 788 678 852 L.
716 788 1063 853 Mescinius
1101 810 1177 854 ea
1214 810 1467 853 mecum
1502 787 1976 853 necessitudine
2015 787 2397 852 coniunctus
2445 795 2562 871 est,
2608 790 2793 872 quod

434 878 593 943 mihi
640 881 944 961 quaestor
988 877 1137 960 fuit;
1186 877 1297 941 sed
1343 877 1513 941 hanc
1560 899 1842 960 causam,
1890 898 2084 961 quam
2134 896 2273 960 eg0,
2319 881 2394 940 ut
2440 899 2479 940 a
2525 878 2791 941 maiori-

433 968 553 1033 bus
610 966 853 1049 accepi,
908 987 1161 1050 semper
1213 987 1475 1051 gravem
1532 964 1711 1048 duxi,
1765 965 1922 1029 fecit
1978 965 2215 1029 virtute
2263 968 2330 1029 et
2375 966 2790 1030 humanitate

434 1078 551 1120 sua
596 1056 961 1119 iustiorem:
1015 1053 1234 1137 itaque
1281 1076 1356 1118 eo
1404 1055 1496 1118 sic
1544 1059 1720 1137 utor,
1765 1057 1839 1117 ut
1883 1074 2001 1117 nec
2045 1053 2432 1117 familiarius
2480 1054 2615 1118 ullo
2666 1076 2789 1119 nec

432 1144 758 1208 libentius,
826 1143 891 1207 Is
941 1164 1332 1226 quamquam
1370 1143 1690 1207 confidere
1727 1142 2067 1206 videbatur
2105 1145 2169 1205 te
2208 1165 2325 1206 sua
2365 1164 2579 1220 causa,
2617 1165 2786 1227 quae

431 1234 701 1297 honeste
755 1252 1008 1314 posseS,
1060 1231 1342 1295 libenter
1397 1253 1540 1295 esse
1585 1231 1937 1312 facturum,
1994 1251 2300 1313 magnum
2357 1253 2498 1295 esse
2555 1236 2780 1295 tamen

434 1320 717 1403 speravit
772 1319 940 1402 apud
997 1325 1062 1383 te
1117 1341 1294 1383 meas
1351 1341 1604 1403 quoque
1668 1320 1919 1383 litteras
1967 1320 2218 1400 pondus
2270 1319 2610 1384 habituras.
2705 1318 2783 1383 Id

433 1431 577 1473 cum
632 1408 771 1489 ipse
816 1407 911 1470 ita
955 1405 1311 1489 iudicabat,
1366 1412 1508 1471 tum
1554 1430 1673 1491 pro
1720 1408 2030 1471 familiari
2076 1407 2539 1472 consuetudine
2587 1430 2782 1491 saepe

432 1519 508 1561 ex
565 1518 666 1559 me
723 1495 1043 1576 audierat,
1099 1518 1295 1579 quam
1351 1497 1568 1560 suavis
1625 1500 1796 1560 esset
1849 1496 2022 1559 inter
2065 1517 2182 1560 nos
2231 1493 2298 1559 et
2344 1499 2590 1579 quanta
2637 1517 2788 1560 con-

370 1588 413 1652 2
433 1585 693 1650 iunctio.
765 1583 926 1649 Peto
955 1584 1158 1668 igitur
1187 1607 1225 1648 a
1261 1588 1345 1667 te,
1382 1588 1570 1650 tanto
1610 1584 1856 1650 scilicet
1895 1584 2131 1662 studio,
2170 1590 2414 1667 quanto
2453 1585 2790 1669 intellegis

433 1675 663 1739 debere
720 1695 821 1736 me
877 1678 1098 1755 petere
1152 1695 1272 1756 pro
1333 1674 1594 1738 homine
1658 1678 1792 1737 tam
1857 1672 2018 1736 mihi
2081 1673 2451 1737 necessario
2519 1678 2586 1737 et
2646 1676 2790 1738 tam

430 1762 760 1843 familiari,
815 1764 888 1825 ut
943 1763 1079 1825 eius
1134 1762 1429 1846 negotia,
1490 1784 1655 1847 quae
1715 1764 1868 1825 sunt
1912 1763 1979 1824 in
2029 1760 2278 1826 Achaia
2323 1782 2400 1824 ex
2449 1782 2525 1826 eo
2537 1812 2555 1845 ‚
2611 1763 2790 1846 ‘quod

428 1852 614 1916 heres
681 1853 781 1914 est
842 1848 929 1913 M.
993 1849 1270 1933 Mindio‚
1336 1849 1526 1914 fratri
1592 1872 1734 1933 suo,
1800 1849 1909 1933 qui
1971 1849 2159 1914 Elide
2222 1849 2601 1933 negotiatus
2666 1854 2790 1933 est,

431 1940 711 2025 explices
759 1944 825 2002 et
872 1939 1172 2022 expedias
1221 1960 1368 2002 cum
1416 1938 1557 2003 iure
1605 1943 1670 2003 et
1714 1941 2071 2039 potestate,
2123 1959 2318 2022 quam
2365 1938 2596 2021 habes,
2642 1943 2790 2003 tum

433 2030 628 2093 etiam
673 2027 1060 2091 auctoritate
1106 2030 1172 2089 et
1216 2016 1486 2092 consilio
1534 2032 1675 2111 tu03
1732 2027 1824 2091 sic
1879 2027 2048 2091 enim
2096 2026 2634 2127 praescripsimus
2680 2027 2787 2111 113,

432 2118 666 2202 quibus
715 2137 791 2179 ea
836 2116 1106 2199 negotia
1151 2107 1620 2199 mandavimus,
1668 2120 1741 2180 ut
1779 2116 2077 2179 omnibus
2123 2115 2195 2178 in
2240 2114 2455 2196 rebus,
2503 2137 2671 2198 quae
2720 2117 2792 2180 in

433 2205 716 2288 aliquam
754 2203 1263 2267 controversiam
1299 2208 1706 2285 vocarentur,
1742 2207 1808 2268 te
1847 2204 2091 2268 arbitro
2122 2209 2203 2287 et,
2243 2204 2414 2286 quod
2443 2205 2789 2269 commodo

431 2298 544 2358 tuo
592 2292 733 2356 fieri
780 2298 1021 2394 posset,
1064 2296 1129 2356 te
1176 2292 1605 2375 disceptatore
1650 2297 2005 2359 uterentur.
2096 2290 2173 2355 Id
2217 2298 2292 2356 ut
2338 2292 2608 2356 honoris
2657 2295 2790 2357 mei

434 2404 626 2447 causa
672 2381 1013 2465 suscipias,
1060 2381 1474 2446 vehementer
1518 2386 1584 2447 te
1631 2383 1828 2445 etiam
1876 2385 2072 2464 atque
2120 2380 2315 2445 etiam
2362 2401 2546 2466 roge.

370 2473 410 2538 3
607 2469 782 2534 Illud
830 2474 1180 2553 praeterea,
1228 2470 1284 2534 si
1325 2492 1456 2535 non
1494 2470 1777 2534 alienum
1813 2474 1928 2533 tua
1964 2469 2283 2553 dignitate
2320 2470 2582 2553 putabis
2623 2491 2792 2554 esse,

431 2559 659 2624 feceris
707 2557 869 2622 mihi
916 2563 1316 2642 pergratum,
1372 2559 1429 2623 si
1475 2560 1586 2642 qui
1632 2559 2029 2623 difficiliores
2076 2562 2290 2638 erunt,
2338 2561 2411 2622 ut
2457 2579 2594 2622 rem
2643 2558 2791 2623 sine

433 2647 872 2713 controversia
919 2647 1145 2711 confici
1189 2647 1428 2728 nolint,
1486 2649 1543 2712 si
1590 2670 1729 2730 eos,
1788 2647 2093 2731 quoniam
2142 2667 2287 2710 cum
2335 2651 2633 2711 senatore
2683 2668 2792 2711 res

432 2741 559 2820 est,
625 2736 902 2801 Romam
962 2735 1277 2799 reieceris.
1378 2734 1566 2810 Quod
1623 2757 1751 2819 quo
1807 2736 2055 2800 minore
2088 2733 2514 2799 dubitatione
2571 2735 2791 2800 facere

430 2845 681 2907 posseS,
736 2824 987 2888 litteras
1045 2823 1126 2887 ad
1180 2828 1245 2887 te
1303 2846 1341 2888 a
1386 2822 1474 2889 M.
1520 2823 1764 2908 Lepido
1821 2823 2109 2900 consule,
2165 2844 2299 2887 non
2346 2845 2507 2907 quae
2554 2827 2619 2887 te
2669 2825 2790 2889 ali-

434 2912 586 2995 quid
643 2912 943 2976 iuberent
996 2948 1081 2958 —
1135 2933 1343 2996 neque
1401 2914 1576 2977 enim
1624 2913 1689 2976 id
1736 2917 1887 2977 tuae
1933 2911 2275 2996 dignitatis
2322 2932 2462 2975 esse
2510 2913 2794 2978 arbitra-

433 3000 665 3063 bamur
693 3035 798 3078 —‚
848 2999 960 3063 sed
998 3000 1472 3083 quodammodo
1522 3001 1706 3086 quasi
1753 2999 2321 3066 commendaticias
2369 3000 2789 3084 sumpsimus.

501 3170 678 3225 Emsr.
708 3171 1010 3226 XXXVIII.
1043 3178 1182 3239 (708.
1204 3177 1311 3242 46.)
1351 3176 1411 3229 L
1436 3176 1552 3228 Me·
1661 3205 1730 3215 —
1769 3175 2040 3229 commodo
2088 3174 2214 3296 tuo}
2258 3173 2384 3228 Abl.
2421 3173 2604 3240 modi·
2653 3193 2696 3231 s.
2737 3194 2786 3229 z.

431 3241 638 3297 scinius
676 3241 856 3296 Rufus
899 3259 1014 3296 war
1050 3242 1270 3299 Ciceros
1310 3246 1553 3311 Quastor
1660 3244 1701 3299 I.
1741 3251 1790 3299 5.
1832 3250 1878 3299 1.
1918 3245 2070 3298 Fam.
2112 3243 2258 3300 XII.
2292 3250 2379 3299 23.
2410 3250 2442 3298 2
2483 3243 2659 3301 heifst
2696 3262 2786 3301 66.

428 3314 487 3367 111
520 3312 749 3371 Cilicien
788 3330 1044 3382 gewesen
1081 3316 1196 3369 und
1233 3316 1392 3371 hatte
1431 3316 1551 3369 sich
1660 3317 1804 3384 quod
1839 3317 1957 3368 sine
1993 3316 2237 3369 molestia
2273 3321 2375 3369 tua
2409 3316 2525 3382 fiat.

430 3385 529 3439 auf
554 3385 751 3439 dessen
782 3384 1202 3455 Veranlassung
1230 3388 1355 3440 dem
1387 3388 1551 3441 Pom·
1732 3393 1780 3440 3.
1810 3387 1861 3439 31
1887 3386 1984 3454 qai
2012 3387 2129 3453 diff.
2160 3385 2343 3455 erant]
2377 3401 2538 3439 wenn
2565 3387 2785 3441 welche

429 3456 1115 3580 pejusoaangeschlpfisem
1182 3456 1433 3580 wffhalb
1492 3475 1552 3511 er
1660 3454 2183 3597 8611111611ῗ11611561ἰ
2189 3459 2427 3581 11ιῖ6111611
2446 3457 2691 3582 wel-gen.
2715 3488 2782 3497 —

430 3544 541 3581 von
673 3542 763 3580 sar
806 3543 911 3580 nac
993 3543 1052 3580 er
1099 3543 1200 3581 aus
1290 3543 1380 3580 om
1427 3544 1549 3582 ver·
1656 3543 1707 3582 31
1755 3557 1821 3566 -—
1869 3543 1918 3581 31
1993 3545 2098 3581 wie
2430 3558 2499 3566 —
2603 3543 2785 3582 omam

429 3599 637 3653 wiesen
691 3598 899 3652 wurde.
994 3596 1293 3651 Geschafte
1347 3599 1548 3653 hatten
1654 3597 1925 3669 reieceris]
1988 3598 2234 3651 namlich
2292 3614 2364 3651 an
2420 3597 2534 3650 den
2590 3597 2785 3667 Senat,

430 3670 530 3723 ihn
560 3668 704 3737 jetzt
740 3667 885 3722 nach
921 3667 1138 3736 Achaja
1174 3669 1419 3735 gefi'ihrt.
1656 3687 1755 3723 vor
1804 3669 1929 3721 dem
1979 3669 2069 3721 die
2107 3667 2285 3722 Sache
2324 3668 2423 3720 des
2460 3667 2784 3735 Mescinius,

503 3745 551 3792 1.
588 3740 734 3808 quod
784 3744 1032 3808 quaestor
1077 3739 1212 3806 fuit]
1260 3738 1398 3794 fiber
1445 3740 1546 3794 das
1657 3740 1731 3794 da
1759 3757 1817 3794 er
1846 3739 2083 3793 Senator
2109 3756 2248 3806 war,
2277 3738 2615 3793 verbandelt
2642 3757 2782 3794 wer-

428 3809 753 3864 Verhaltnis
792 3810 889 3862 des
926 3815 1177 3877 quaestor
1214 3828 1339 3863 zum
1372 3809 1547 3865 Statt-
1657 3811 1766 3865 den
1821 3811 2000 3864 sollte.
2051 3840 2119 3849 —
2175 3781 2408 3881 litteras]
2476 3811 2569 3864 ein
2634 3814 2779 3864 amt

426 3882 613 3936 halter
660 3897 701 3934 s.
751 3898 795 3935 z.
844 3880 884 3934 Ι.
936 3885 1018 3934 18.
1070 3885 1150 3936 11.
1191 3912 1259 3921 -
1299 3883 1546 3953 eausam]
1657 3881 1829 3935 liches
1878 3880 2198 3935 Schreiben.
2253 3911 2324 3920 —
2375 3897 2464 3949 qa.
2521 3897 2781 3935 commen-

427 3953 532 4006 wie
582 3952 675 4007 III.
724 3958 808 4005 34.
861 3959 907 4005 1.
956 3983 1022 3991 —
1071 3952 1373 4022 iustiorem]
1422 3971 1462 4006 6.
1502 3972 1548 4007 z.
1656 3952 1893 4022 daticas]
1934 3952 2057 4006 61116
2093 3951 2196 4006 Art
2224 3950 2787 4021 Empfehlungsbrief

426 4022 494 4078 Π.
534 4028 851 4077 28.15.-—
900 4023 1036 4093 ullo]
1084 4024 1190 4077 wie
1236 4022 1329 4079 III.
1372 4028 1455 4078 16.
1495 4029 1546 4078 4.
1656 4024 1746 4077 fiir
1766 4022 2084 4077 Mescinius.
2107 4054 2172 4062 —
2195 4023 2551 4103 sumpsimus]
2569 4038 2781 4077 sumere

498 4099 548 4147 2.
600 4095 684 4147 M.
735 4094 982 4163 Mindio]
1043 4094 1202 4148 sonst
1245 4094 1403 4148 nicht
1451 4094 1547 4147 be·
1659 4120 1723 4138 =
1781 4094 2121 4161 annehmen,
2178 4093 2281 4147 wie
2333 4092 2399 4148 II.
2450 4099 2533 4146 12.
2584 4099 2642 4147 6:
2709 4094 2779 4148 le·

425 4161 620 4217 kannt.
677 4195 749 4203 —
803 4182 967 4233 quam
1020 4163 1204 4233 habes]
1261 4165 1316 4218 d.
1372 4165 1407 4218 i.
1462 4166 1548 4219 als
1655 4168 1927 4233 qationem
1979 4180 2178 4232 sumps.
2264 4163 2562 4217 Naturlich
2618 4164 2780 4218 hatte

430 4232 779 4286 Statthalter.
845 4233 957 4287 Das
995 4235 1085 4287 ius
1119 4236 1233 4286 und
1273 4235 1362 4288 die
1391 4242 1547 4303 pote-
1657 4251 1717 4289 er
1754 4236 1951 4289 darum
1996 4236 2262 4304 gebeten,
2307 4233 2589 4289 ffirchtete
2627 4236 2781 4302 aber,

427 4304 543 4352 stas
576 4301 827 4355 hafteten
868 4319 940 4355 an
970 4302 1069 4356 der
1097 4304 1324 4373 Wt'irde,
1363 4311 1547 4359 aucto·
1657 4306 1755 4359 der
1771 4306 1996 4360 Freund
2026 4306 2210 4360 11611116
2240 4303 2358 4358 sich
2388 4305 2565 4358 durch
2595 4305 2781 4361 dieses

429 4369 568 4421 ritas
603 4371 718 4421 und
761 4373 1050 4426 consilium
1086 4391 1156 4428 an
1196 4375 1293 4429 der
1319 4374 1545 4429 Person.
1660 4376 1965 4431 Verfahren
2004 4375 2281 4446 beleidigt
2315 4373 2527 4430 fi‘ihlen.
