3000 4917
455 239 589 304 254
1222 237 1279 293 O.
1318 236 1613 293 CASSIUS
1649 236 2038 292 LONGINUS.

456 403 604 467 odio
651 401 903 473 civitati
948 401 1274 465 Antonius
1332 401 1485 484 fuit,
1543 403 1789 485 quanto
1837 402 1937 464 est
1978 398 2289 483 Lepidus3
2344 399 2456 463 ille
2505 399 2680 462 enim
2729 420 2809 463 ex

452 491 829 556 turbulenta
882 512 952 553 re
1005 490 1294 575 publiea,
1346 489 1453 556 hic
1510 510 1589 552 ex
1633 510 1793 572 pace
1841 492 1906 552 et
1949 489 2227 553 victoria
2269 487 2515 550 bellum
2561 487 2808 551 exeita-

452 581 566 644 vit.
656 577 828 644 Huic
885 578 1220 665 oppositos
1276 578 1573 642 eonsules
1628 577 2003 661 designatos
2049 576 2389 654 habemuS,
2450 575 2522 639 in
2568 577 2810 659 quibus

456 672 558 732 est
603 687 843 752 magna
887 668 1006 732 illa
1053 667 1311 751 quidem
1360 687 1530 749 spes,
1575 666 1687 730 sed
1735 687 1971 748 anceps
2020 687 2175 729 eura
2218 667 2484 749 propter
2521 665 2807 728 incertos

390 757 437 821 4
458 756 665 820 exitus
719 755 1131 840 proeliorum.
1233 755 1556 819 Persuade
1609 753 1731 818 tibi
1788 755 2016 839 igitur,
2077 755 2146 817 iu
2208 757 2272 816 te
2340 756 2405 816 et
2468 753 2539 816 in
2597 752 2809 817 Bruto

453 850 567 910 tuo
615 866 755 909 esse
803 845 1047 929 omnia,
1100 866 1214 908 vos
1262 843 1647 928 exspectari,
1702 842 1977 907 Brutum
2024 841 2283 925 quidem
2333 841 2467 905 iam
2525 842 2813 924 iamque.

457 933 643 1010 Quod
704 935 789 1016 si,
852 938 925 997 ut
980 954 1196 1016 spem,
1260 933 1449 997 vietis
1513 931 1814 996 hostibus
1878 930 2120 996 nostris
2183 929 2520 1008 veneritis,
2581 933 2808 993 tamen

457 1023 844 1087 auctoritate
908 1025 1128 1086 vestra
1190 1043 1292 1085 res
1359 1020 1620 1103 publiea
1683 1025 1987 1105 exsurget
2058 1023 2125 1083 et
2192 1020 2261 1082 in
2334 1018 2586 1103 aliquo.
2629 1022 2808 1082 statu

455 1111 784 1175 tolerabili
837 1110 1175 1194 consistet3
1230 1112 1383 1173 sunt
1440 1109 1614 1173 enim
1669 1110 2021 1193 permulta,
2076 1108 2309 1190 quibus
2364 1107 2490 1170 erit
2549 1107 2806 1170 meden-

459 1198 638 1282 dum,
713 1199 911 1263 etiam
985 1200 1041 1262 si
1112 1220 1215 1262 res
1289 1198 1551 1282 publiea
1625 1198 1785 1261 satis
1859 1219 1999 1262 esse
2064 1196 2388 1260 videbitur
2453 1195 2808 1259 sceleribus

456 1288 746 1352 hostium
792 1288 1084 1352 liberata.
1168 1286 1349 1351 Vale.

460 1479 567 1533 den
598 1477 731 1546 Sieg
756 1444 972 1533 bereits
999 1477 1057 1531 in
1086 1477 1195 1531 den
1221 1476 1475 1531 Handen.
1505 1508 1575 1518 —
1684 1475 1889 1530 donien
1925 1475 2130 1530 Italion
2174 1476 2350 1530 nahei-
2399 1493 2514 1531 wat
2550 1476 2636 1530 als
2675 1476 2805 1531 Cas-

459 1550 703 1604 eonsules
724 1550 855 1619 dea]
880 1549 943 1604 D.
957 1546 1163 1602 Brutus
1183 1549 1297 1602 und
1309 1549 1577 1613 Plancum
1686 1548 1817 1602 siue.
1882 1547 1985 1602 Die
2024 1548 2146 1602 hier
2182 1549 2668 1617 ausgesproohene
2704 1547 2811 1600 Er-

460 1639 502 1677 s.
540 1639 585 1676 z.
622 1618 718 1676 IV.
757 1626 807 1675 9.
851 1624 897 1674 1.
1688 1621 1948 1688 wartung
1985 1618 2210 1673 erffillte
2247 1618 2367 1673 sich
2395 1617 2572 1673 nieht.

531 1697 581 1745 4.
620 1692 733 1746 iam
767 1690 1007 1761 iamque]
1045 1688 1175 1745 weil
1213 1707 1272 1744 er
1309 1690 1367 1743 in
1393 1688 1578 1744 Maee-
