3000 4917
1019 215 1081 272 T.
1120 212 1541 271 POMPONIUS
1580 213 1900 273 AT'I'ICUS.
2542 214 2627 279 93

288 377 595 443 inclinari
639 378 873 443 timore
917 376 1239 459 viderunt,
1289 377 1382 443 sic
1425 378 1849 462 impulerunt,
1894 382 1969 443 ut
2013 378 2188 444 omni
2235 399 2351 444 suo
2391 379 2627 443 scelere

289 470 356 531 et
400 466 670 552 perfidia
716 468 1135 532 abuterentur
1182 466 1263 531 ad
1301 466 1569 531 exitium
1607 488 1838 534 meum.
1928 465 2135 551 Nunc,
2181 467 2488 551 quoniam
2527 471 2628 533 est

291 553 600 640 Cyzicum
646 555 836 620 nobis
883 555 1180 640 eundum,
1226 576 1352 640 quo
1399 555 1610 620 rarius
1659 555 1741 620 ad
1778 577 1879 619 me
1915 555 2174 620 litterae
2210 555 2626 640 perferentur,

286 643 411 709 hoc
456 644 649 709 velim
696 643 1066 730 diligentius
1114 644 1349 723 omnia,
1396 665 1560 727 quae
1602 644 1851 729 putaris
1899 667 2001 709 me
2050 645 2210 709 scire
2258 665 2419 728 opus
2467 666 2625 729 esse,

285 734 671 817 perscribas.
782 731 1091 809 Quintum
1154 732 1425 797 fratrem
1489 754 1704 797 meum
1763 732 1866 798 fac
1926 732 2188 819 diligas;
2254 754 2444 816 quem
2504 754 2624 819 ego

286 821 485 886 miser
526 821 583 886 si
617 821 1005 887 incolumem
1042 821 1357 906 relinquo,
1402 842 1534 886 non
1572 843 1674 886 me
1710 824 1922 887 totum
1960 822 2203 906 perisse
2241 821 2627 890 arbitrabor.

287 908 462 976 Data
506 909 715 976 Nonis
763 909 1130 977 Sextilibus.

1169 1139 1525 1208 Emsrrum
1569 1140 1750 1207 VIII.

1185 1260 1295 1330 (Aa
1330 1262 1447 1317 Aa..
1484 1261 1581 1316 111.
1623 1264 1728 1329 19.)

1083 1384 1345 1441 CICERO
1381 1383 1643 1440 A'I'I'ICO
1683 1385 1832 1441 SAL.

467 1492 694 1570 Quoad
742 1493 1055 1559 eiusmodi
1101 1493 1263 1558 mihi
1297 1494 1551 1559 litterae
1591 1517 1629 1558 a
1666 1495 1849 1560 vobis
1889 1495 2363 1581 adferebantur,
2399 1500 2473 1561 ut
2509 1496 2622 1561 ali·
2650 1502 2683 1565 1

293 1582 449 1666 quid
489 1604 566 1646 ex
603 1583 681 1648 iis
721 1586 891 1647 esset
929 1583 1449 1668 exspectandum,
1493 1606 1607 1667 spe
1645 1588 1710 1648 et
1748 1583 2100 1668 cupiditate
2129 1583 2625 1650 Thessalonicae

290 1674 585 1736 retentus
641 1694 810 1756 sum3
869 1675 1099 1756 postea
1153 1693 1346 1756 quam
1404 1672 1615 1737 omnis
1674 1673 1843 1737 actio
1898 1672 2087 1737 huius
2138 1673 2289 1737 anni
2336 1673 2627 1739 confecta

284 1760 477 1826 nobis
525 1759 889 1842 videbatur,
944 1762 1013 1824 in
1060 1759 1287 1824 Asiam
1342 1761 1435 1824 ire
1490 1761 1700 1844 nolui,
1755 1760 1923 1845 quod
1970 1764 2036 1826 et
2080 1761 2420 1827 celebritas
2466 1763 2627 1827 mihi

289 1849 437 1914 odio
501 1852 603 1913 est
662 1853 752 1932 et,
815 1850 869 1913 si
928 1850 1114 1913 fieret
1174 1849 1418 1933 aliquid
1480 1872 1520 1914 a
1576 1851 1763 1915 novis
1824 1850 2344 1934 magistratibuS,
2401 1851 2626 1916 abesse

290 1938 484 2023 longe
539 1938 857 2003 nolebam.
959 1939 1186 2022 Itaque
1239 1938 1311 2002 in
1355 1938 1627 2022 Epirum
1683 1938 1764 2003 ad
1809 1943 1874 2003 te
1921 1939 2123 2004 statui
2169 1961 2272 2004 me
2319 1940 2627 2023 conferre,

287 2048 420 2092 non
469 2047 596 2110 quo
645 2049 788 2091 mea
831 2027 1175 2091 interesset
1216 2047 1371 2109 quae
1414 2032 1566 2093 esset
1608 2027 1734 2093 loci
1780 2031 2040 2111 natura,
2087 2028 2195 2112 qui
2240 2027 2446 2094 lucem
2495 2051 2625 2094 om-

290 2115 449 2180 nino
505 2116 825 2199 fugerem,
881 2115 992 2180 sed
1049 2119 1115 2180 et
1169 2116 1247 2180 ad
1310 2117 1588 2181 salutem
1646 2117 2076 2181 libentissime
2133 2139 2209 2181 ex
2264 2120 2379 2182 tuo
2435 2122 2626 2202 portu

290 2204 666 2287 proficiscar
713 2207 795 2286 et,
841 2204 896 2269 si
942 2226 1017 2268 ea
1051 2204 1343 2288 praecisa
1379 2205 1523 2289 erit,
1558 2226 1877 2290 nusquam
1913 2205 2165 2269 facilius
2202 2205 2370 2270 hanc
2406 2208 2625 2272 miser-

291 2293 526 2358 rimam
555 2293 759 2358 vitam
788 2293 886 2359 vel
917 2294 1297 2359 sustentabo
1328 2293 1445 2376 vel,
1473 2293 1645 2378 quod
1674 2295 1878 2358 multo
1908 2300 2009 2358 est
2037 2294 2285 2378 meliuS‚
2314 2295 2623 2361 abiecero.

286 2380 420 2446 Ero
485 2403 629 2446 cum
688 2383 938 2465 paucis3
1004 2382 1482 2447 multitudinem
1543 2382 1886 2447 dimittam.
1980 2381 2100 2446 Me
2158 2385 2307 2447 tuae
2368 2383 2687 2451 litterae?

286 2492 618 2554 nunquam
673 2471 743 2534 in
800 2474 1053 2534 tantam
1110 2493 1288 2555 spem
1336 2471 1761 2556 adduxerunt,
1809 2474 2120 2554 quantam
2168 2470 2469 2556 aliorum3
2531 2477 2624 2536 at·
2723 2512 2749 2537 0

285 2562 507 2624 tamen
552 2581 697 2624 mea
745 2581 890 2643 spes
939 2560 1138 2623 etiam
1183 2559 1439 2624 tenuior
1482 2581 1736 2644 semper
1771 2560 1895 2623 fuit
1931 2581 2122 2643 quam
2160 2563 2311 2624 tuae
2349 2560 2625 2627 litterae.

289 2644 417 2712 Sed
460 2653 707 2732 tamen,
755 2648 1063 2733 quoniam
1110 2651 1410 2731 coeptum
1455 2652 1557 2712 est
1602 2648 1739 2733 agi,
1785 2668 2042 2733 quoquo
2087 2647 2280 2712 modo
2327 2652 2625 2732 coeptum

287 2740 386 2801 est
446 2741 514 2801 et
560 2758 935 2823 quacunque
981 2738 1059 2801 de
1106 2758 1328 2819 causa,
1383 2758 1518 2800 non
1565 2737 1856 2801 deseram
1900 2758 2108 2821 neque
2157 2736 2386 2819 optimi
2433 2740 2626 2823 atque

286 2826 459 2890 unici
508 2826 727 2891 fratris
776 2826 1069 2890 miserias
1113 2847 1187 2890 ac
1223 2826 1552 2890 luctuosas
1590 2846 1810 2909 preces
1849 2846 1967 2890 nec
2009 2824 2200 2890 Sestii
2237 2829 2625 2891 ceterorum-

288 2936 411 2998 que
471 2914 790 2999 promissa
845 2936 962 2980 nec
1024 2936 1205 2997 spem
1264 2913 1872 2979 aerumnosissimae
1931 2914 2221 2979 mulieris
2282 2914 2625 2981 Terentiae

288 3024 407 3068 nec
467 3003 865 3068 miserrimae
927 3003 1270 3086 [mulieris]
1328 3002 1647 3068 Tulliolae
1714 3003 2224 3068 obsecrationem
2284 3008 2349 3068 et
2403 3005 2625 3071 fideles

288 3175 558 3247 Kampfes
604 3195 672 3231 zu
716 3176 1018 3248 entgehen'‚
1068 3177 1259 3233 Cicero
1307 3194 1403 3247 ge·
1512 3177 1702 3232 Futur.
1768 3177 1809 3233 I.
1883 3195 1980 3231 zur
2058 3177 2449 3248 Bezeichnung
2530 3180 2626 3235 des

289 3251 451 3303 raten
479 3248 681 3315 haben,
710 3248 802 3303 die
824 3249 989 3304 Stadt
1016 3265 1082 3302 zu
1105 3248 1403 3303 verlassen.
1514 3250 1826 3316 schnellen,
1878 3247 2310 3318 bereitwilligen
2354 3249 2622 3321 Vollzugs

290 3349 356 3359 —
398 3317 678 3390 Cyzicum]
727 3321 767 3376 I.
808 3325 856 3372 1.
895 3326 945 3374 3.
985 3351 1052 3358 —
1090 3336 1183 3391 eqo
1218 3319 1400 3390 miser]
1512 3321 1611 3374 der
1655 3320 1982 3389 Handlung:
2036 3320 2128 3375 ich
2180 3321 2364 3374 werde
2412 3321 2628 3376 schnell

290 3405 333 3444 s.
395 3407 439 3444 z.
496 3390 538 3444 Ι.
599 3395 645 3444 1.
700 3396 747 3448 5.
838 3389 949 3445 Der
1002 3391 1131 3444 Satz
1184 3390 1405 3445 bezieht
1511 3408 1621 3445 von
1668 3390 1776 3445 mir
1819 3391 2103 3461 geworfen
2139 3391 2343 3445 haben.
2415 3390 2543 3460 Vgl.
2582 3392 2624 3447 I.

290 3460 409 3514 sich
441 3461 543 3514 auf
564 3460 656 3515 die
685 3462 895 3516 seinem
923 3460 1135 3515 Bruder
1164 3459 1402 3525 Quintus
1512 3467 1597 3515 24.
1627 3468 1678 3518 2.
1712 3494 1775 3502 -
1812 3479 1933 3517 cum
1951 3461 2177 3532 paucis]
2216 3478 2277 3515 er
2304 3461 2494 3516 wollte
2521 3478 2628 3515 nur

288 3531 577 3586 drohende
626 3532 885 3601 Anklage
940 3532 1009 3586 de
1061 3531 1402 3602 repetundis.
1512 3536 1728 3601 wenige
1770 3533 1972 3587 Diener
2007 3531 2363 3601 mithringen.

287 3601 417 3670 vgl.
459 3601 603 3658 oben
638 3603 706 3658 H.
746 3608 794 3658 5.
836 3609 883 3658 1.
1581 3609 1629 3658 2.
1669 3603 1957 3728 quantam]
1993 3602 2098 3658 Die
2124 3603 2299 3686 ‘Prii-p.
2345 3604 2493 3658 fehlt
2526 3621 2627 3659 vor

355 3727 534 3782 Emer·
572 3722 719 3783 V111·
758 3729 900 3797 (6⁹6·
939 3729 1046 3796 ⁶8.)
1092 3696 1101 3705 ’
1510 3675 1638 3799 ἓὲἓ
1674 3692 1832 3802 Ρῖἕέζ
1851 3692 1997 3800 igni?
2027 3675 2180 3800 ἓξὲξ.
2199 3675 2626 3802 “tssffikz'tettf

360 3821 407 3870 1.
446 3815 761 3887 videbatur]
799 3815 897 3870 das
925 3814 1088 3885 Impf.
1126 3831 1239 3870 von
1275 3816 1403 3870 dem
1510 3816 1671 3871 dasse
1696 3818 1765 3872 be
1801 3817 1893 3871 ist.
1946 3832 2045 3887 pro
2083 3815 2266 3886 Ligar.
2306 3818 2345 3870 Ι.
2385 3822 2445 3872 2:
2481 3834 2536 3872 se
2562 3819 2625 3872 in

286 3885 610 3941 dauernden
657 3886 960 3955 Zustande3
1014 3904 1072 3941 es
1119 3888 1219 3941 hat
1264 3905 1401 3941 nun·
1509 3905 1571 3942 ea
1601 3894 1764 3958 parte
1798 3889 1994 3956 fuisse,
2030 3905 2140 3957 qua
2176 3893 2240 3943 te.
2304 3887 2445 3957 Nep.
2485 3887 2622 3944 Cim.

288 3957 447 4012 mehr
467 3957 758 4026 (dauernd)
786 3956 896 4011 den
913 3958 1211 4026 Anschein‚
1230 3959 1400 4013 naml.
1514 3964 1602 4012 13:
1645 3959 1836 4014 Cimon
1866 3999 1878 4010 .
1909 4001 1921 4015 .
1960 3960 2161 4014 incidit
2196 3959 2260 4013 in
2286 3960 2510 4014 eandem
2537 3961 2624 4014 in-

288 4026 409 4082 dass
463 4027 525 4082 in
579 4028 793 4083 meiner
842 4028 1292 4098 Angelegenheit
1345 4029 1404 4082 in
1510 4030 1736 4095 vidiam,
1769 4047 1931 4099 quam
1941 4035 2119 4097 pater.
2143 4060 2209 4070 —
2228 4045 2343 4084 mm
2360 4031 2624 4103 deseram]

288 4096 498 4155 diesem
544 4100 715 4154 Jahre
760 4097 945 4153 nichts
990 4098 1150 4153 melu·
1192 4099 1404 4169 gethan
1510 4101 1745 4154 deserere
1774 4099 2098 4155 bezeichnet
2123 4101 2215 4155 ein
2242 4100 2626 4172 pfiichtwidri-

288 4169 430 4223 vird
459 4173 630 4239 (aetio
663 4170 805 4237 conf.
824 4173 974 4236 esse).
1004 4200 1071 4210 —
1100 4171 1165 4224 in
1183 4171 1404 4242 Asiam]
1511 4188 1610 4239 ges
1639 4169 1936 4225 Verlassen
1966 4196 2033 4217 =
2054 4172 2326 4253 betrayen,
2354 4174 2622 4228 vereiteln.

289 4241 432 4294 nach
499 4240 540 4295 C
581 4241 744 4296 zicus.
812 4271 878 4281 —
944 4241 1255 4296 sustentabo
1309 4283 1319 4296 .
1389 4283 1402 4296 .
1513 4273 1577 4280 —
1627 4240 1814 4312 Sestii]
1862 4259 1923 4296 er
1966 4259 2084 4296 war
2119 4241 2330 4297 Tribun
2377 4245 2490 4298 und
2534 4242 2625 4297 fiir

288 4311 527 4367 abiecero
601 4312 701 4367 das
736 4312 927 4366 Futur.
966 4312 1143 4366 exact.
1179 4311 1258 4366 im
1297 4311 1402 4367 Ge·
1512 4310 1733 4366 Ciceros
1753 4312 2191 4383 Rssokberufung
2210 4312 2412 4385 thatig.
2437 4345 2504 4355 —
2524 4315 2622 4369 mi-

290 4383 550 4449 gensatze
615 4401 684 4438 zu
747 4383 874 4437 dem
935 4384 1402 4452 vorangehenden
1508 4383 1763 4439 cerrimae
1804 4381 2093 4456 Tulliolae]
2141 4402 2207 4437 zu
2254 4384 2352 4439 der
2386 4383 2624 4440 Verbin-
