3000 4917
445 226 571 290 128
1287 226 1422 284 LIB.
1460 225 1530 281 II.
1593 223 1819 280 EPIST.
1857 228 1943 281 28.

441 392 658 453 castra
704 386 844 467 feci,
891 392 965 451 ut
1011 392 1077 452 et
1114 385 1410 452 Ciliciam
1454 391 1670 452 tuerer
1715 385 2295 473 et·Cappad0ciam
2341 391 2568 452 tenens
2615 410 2789 454 nova

440 477 863 541 finitimorum
910 476 1183 542 consilia
1227 476 1626 559 impedirem.

377 569 422 634 5
616 565 870 629 Interea
914 565 985 629 in
1029 563 1154 629 hoc
1199 568 1383 629 tanto
1432 569 1615 629 motu
1650 568 1964 649 tantaque
2002 564 2482 647 exspectatione
2521 566 2794 631 maximi

440 652 594 719 belli
649 675 759 718 rex
807 653 1182 737 DeiotaruS,
1239 653 1339 717 cui
1394 674 1528 717 non
1587 653 1722 716 sine
1777 675 1973 718 causa
2026 652 2378 737 plurimum
2426 675 2680 737 semper
2728 660 2796 720 et

438 762 583 805 meo
640 745 706 805 et
749 746 863 806 tuo
912 747 977 805 et
1023 745 1284 807 senatus
1329 740 1569 805 iudicio
1617 742 1931 806 tributum
1979 745 2104 822 est,
2160 741 2260 805 vir
2319 763 2464 806 cum
2513 743 2798 808 benevo-

359 872 365 879 ι
438 831 644 894 lentia
681 834 745 894 et
782 830 906 895 fide
945 851 1102 915 erga
1138 830 1450 913 populum
1480 829 1846 893 Romanum
1877 830 2214 915 singulari,
2252 833 2392 894 tum
2423 834 2794 912 praestanti

439 919 883 1005 magnitudine
929 922 995 982 et
1039 918 1242 982 animi
1287 922 1352 981 et
1398 917 1670 999 consilii,
1714 919 1965 1001 legatos
2012 918 2096 982 ad
2143 939 2246 981 me
2294 919 2489 1001 misit,
2530 940 2599 984 se
2641 942 2796 984 cum

439 1007 740 1072 omnibus
798 1008 932 1072 suis
994 1007 1197 1090 copiis
1244 1006 1314 1070 in
1358 1027 1502 1070 mea
1548 1009 1765 1071 eastra
1812 1028 1951 1071 esse
1998 1011 2367 1090 venturum3
2435 1008 2616 1072 ouius
2664 1029 2796 1092 ego

440 1097 652 1160 studio
701 1095 1040 1179 officioque
1085 1099 1445 1160 commotus
1493 1095 1599 1178 egi
1646 1095 1705 1158 ei
1750 1117 1866 1177 per
1903 1097 2158 1160 litteras
2197 1096 2444 1178 gratias
2481 1096 2674 1179 idque
2716 1102 2796 1162 ut

383 1171 797 1247 ssmaturaret
858 1182 1159 1248 hortatus
1227 1205 1386 1247 sum.
1497 1181 1661 1247 Cum
1733 1188 1951 1248 autem
2013 1184 2094 1247 ad
2156 1181 2462 1265 Cybistra
2520 1190 2798 1268 propter

440 1273 761 1336 rationem
796 1271 946 1335 belli
975 1272 1257 1356 quinque
1279 1272 1415 1337 dies
1440 1292 1650 1336 essem
1669 1276 1976 1354 moratus,
2004 1293 2224 1357 regem
2252 1271 2792 1355 Ariobarzanem,

439 1360 619 1424 cuius
660 1359 930 1423 salutem
973 1381 1012 1423 a
1050 1364 1277 1424 senatu
1306 1364 1371 1423 te
1403 1364 1662 1425 auctore
1692 1360 2207 1424 commendatam
2235 1359 2575 1444 habebam,
2606 1384 2796 1445 prae-

440 1448 732 1512 sentibus
778 1448 1029 1512 insidiis
1066 1450 1558 1532 necopinantem
1604 1449 1904 1532 liberavi,
1961 1470 2170 1532 neque
2217 1450 2428 1512 solum
2474 1449 2533 1512 ei
2579 1449 2791 1515 saluti

437 1536 551 1619 fui,
599 1536 708 1600 sed
755 1536 952 1600 etiam
997 1538 1236 1621 curavi,
1281 1541 1355 1601 ut
1400 1558 1548 1601 cum
1585 1538 1974 1602 auctoritate
2013 1530 2342 1622 regnaret:
2396 1535 2680 1602 Metram
2722 1544 2795 1604 et

438 1645 614 1706 eum,
659 1646 848 1708 quem
894 1629 968 1688 tu
1012 1626 1175 1689 mihi
1224 1625 1571 1711 diligenter
1617 1625 2133 1709 commendaras,
2179 1624 2617 1709 Athenaeum,
2660 1627 2794 1692 im-

438 1715 840 1798 portunitate
867 1709 1254 1778 Athenaidis
1294 1714 1520 1778 exsilio
1557 1714 1885 1798 multatos,
1920 1715 1992 1778 in
2030 1715 2317 1779 maxima
2353 1714 2525 1798 apud
2561 1735 2794 1800 regem

435 1803 824 1867 auctoritate
889 1802 1230 1888 gratiaque
1294 1802 1625 1886 constitui3
1706 1824 1974 1889 cumque
2040 1821 2345 1886 magnum
2412 1803 2648 1869 bellum
2716 1805 2796 1869 in

437 1888 855 1974 Cappadocia
909 1891 1368 1973 concitaretur,
1425 1891 1482 1955 si
1529 1891 1830 1956 sacerdos
1879 1891 2076 1956 armis
2127 1912 2222 1976 se,
2276 1891 2448 1975 quod
2492 1891 2794 1957 facturus

439 1979 818 2062 putabatur,
879 1979 1277 2063 defenderet,
1338 1979 1713 2043 adulescens
1778 1983 1844 2043 et
1903 1981 2197 2063 equitatu
2250 1983 2317 2043 et
2368 1979 2664 2065 peditatu
2723 1986 2795 2046 et

437 2069 718 2150 pecunia
752 2072 1019 2150 paratus
1058 2072 1124 2131 et
1159 2072 1317 2132 totus
1352 2069 1590 2132 dedita-s
1625 2068 1726 2152 iis,
1766 2067 1876 2151 qui
1913 2070 2142 2133 novari
2182 2068 2424 2152 aliquid
2461 2069 2795 2153 volebant,

439 2155 696 2238 perfeci,
742 2160 816 2219 ut
862 2177 896 2219 e
942 2176 1143 2242 regno
1189 2156 1302 2220 ille
1348 2155 1705 2221 discederet
1750 2177 1983 2239 rexque
2030 2157 2170 2221 sine
2209 2156 2494 2221 tumultu
2531 2178 2606 2221 ac
2645 2159 2790 2223 sine

439 2245 637 2307 armis
648 2293 665 2326 ,
713 2245 891 2308 omni
938 2244 1320 2309 auctoritate
1367 2246 1552 2308 aulae
1599 2244 2020 2328 communita,
2065 2264 2338 2327 regnum
2385 2267 2530 2309 cum
2578 2246 2793 2330 digni-

438 2335 575 2396 tate
622 2333 962 2397 obtineret.

378 2408 415 2472 7
617 2421 880 2486 [nterea
934 2417 1209 2506 cognovi
1265 2423 1616 2486 multorum
1671 2421 1910 2486 litteris
1971 2424 2164 2505 atque
2210 2422 2453 2486 nuntiis
2501 2443 2782 2508 magnas

433 2507 828 2575 Parthorum
883 2512 1101 2595 copias
1157 2514 1223 2574 et
1270 2510 1563 2574 Arabum
1608 2510 1690 2575 ad
1737 2509 2046 2594 oppidum
2090 2507 2525 2575 Antiocheam
2572 2532 2785 2576 acces·

436 2598 599 2662 sisse
646 2620 1079 2684 magnumque
1126 2620 1348 2663 eorum
1394 2599 1775 2682 equitatum,
1820 2599 1930 2682 qui
1977 2599 2044 2661 in
2082 2596 2376 2662 Ciliciam
2423 2600 2785 2684 transisset,

432 2687 518 2750 ab
567 2688 857 2770 equitum
905 2709 1197 2752 meorum
1242 2687 1473 2751 turmis
1522 2690 1588 2751 et
1633 2709 1672 2750 a
1718 2686 1986 2752 cohorte
2032 2688 2384 2770 praetoria,
2432 2710 2597 2771 quae
2643 2694 2786 2754 erat

510 2896 558 2946 5.
623 2893 947 2966 Deiotarus]
1020 2894 1121 2950 der
1183 2894 1555 2950 Beberrscher
1666 2895 1871 2963 setzen,
1911 2894 2063 2950 seine
2092 2893 2372 2950 Schulden
2409 2896 2680 2951 bezahlen
2712 2915 2787 2952 zu

436 2979 549 3017 von
577 2961 840 3018 Galatien
875 2965 1036 3020 hatte
1072 2982 1184 3020 von
1219 2966 1348 3020 dem
1382 2965 1558 3021 romi-
1664 2967 1906 3021 konnen.
1972 2997 2040 3005 —
2106 2966 2371 3037 Metram]
2429 2968 2612 3022 Metra
2677 2969 2789 3024 wie

433 3032 610 3086 schen
639 3033 844 3089 Senate
871 3035 980 3089 den
1000 3035 1392 3091 Ehrennamen
1417 3039 1554 3092 ami-

433 3119 531 3157 cus
553 3103 620 3158 P.
640 3103 714 3159 R.
745 3104 1096 3174 empfangen,
1126 3105 1255 3161 weil
1284 3124 1344 3161 er
1368 3109 1428 3161 in
1448 3106 1557 3162 den

435 3172 700 3229 frfiheren
727 3173 1064 3231 asiatischen
1080 3177 1324 3247 Kriegen
1351 3195 1420 3232 zu
1448 3179 1558 3233 den

434 3244 680 3300 Romern
691 3246 957 3316 gehalten
970 3270 983 3314 3
1005 3266 1045 3302 s.
1060 3265 1160 3317 pro
1174 3247 1356 3304 Deiot.
1372 3255 1453 3302 13.
1467 3255 1554 3303 37.

509 3321 556 3371 6.
586 3318 1044 3391 Ariobarzanem]
1073 3319 1259 3389 Konig
1283 3336 1392 3375 von
1413 3319 1553 3387 Cap-

434 3388 727 3456 padocien.
793 3387 926 3442 Sein
952 3389 1125 3443 Vater
1157 3406 1272 3444 war
1300 3391 1379 3444 im
1403 3389 1454 3445 J.
1485 3397 1553 3445 66

436 3473 544 3513 von
582 3458 882 3529 Pompejus
919 3461 1066 3514 nach
1103 3461 1230 3514 dem
1260 3460 1551 3515 Mithrida·

435 3528 655 3583 tischen
718 3531 921 3600 Kriege
995 3531 1203 3585 wieder
1276 3531 1336 3585 in
1400 3533 1551 3586 seine

433 3598 765 3654 Herrschaft
793 3601 1102 3671 eingesetzt
1127 3602 1373 3658 worden.
1429 3602 1553 3656 Den

435 3669 826 3725 Unterthanen
862 3689 979 3726 war
1013 3688 1075 3726 er
1109 3672 1384 3739 verbam,
1420 3673 1553 3727 weil

434 3739 515 3795 sie
544 3742 603 3794 in
630 3740 749 3795 ihm
777 3760 884 3796 nur
911 3743 1004 3797 ein
1029 3744 1323 3814 gefi‘igiges
1354 3743 1550 3798 Werk·

432 3828 573 3882 zeug
618 3812 718 3866 der
755 3813 960 3870 Romer
1004 3816 1197 3868 sahen.
1279 3815 1356 3869 Er
1392 3814 1549 3869 hatte

433 3883 580 3937 viele
603 3882 899 3952 Schulden‚
928 3886 1041 3938 und
1071 3901 1138 3939 zu
1169 3885 1364 3939 seinen
1384 3885 1551 3939 Glau-

432 3953 634 4022 bigern
670 3956 942 4023 gehorten
978 3955 1280 4026 Pompejus
1309 3955 1423 4010 und
1450 3972 1547 4008 an-

434 4023 568 4077 dere
605 4030 741 4080 rom.
782 4025 979 4081 Grofse
1016 4026 1182 4096 (auch
1219 4027 1292 4080 M.
1330 4026 1551 4093 Brutus,

433 4095 534 4146 der
583 4094 741 4150 Neffe
793 4096 1009 4167 Catos),
1061 4097 1308 4152 wesbalb
1359 4095 1551 4151 Cicero

435 4164 613 4218 durch
649 4167 812 4220 einen
847 4167 1322 4223 Senatsbesohluss
1359 4166 1552 4222 beauf-

433 4235 589 4301 tragt
643 4237 860 4303 wurde,
915 4238 1043 4292 dem
1087 4239 1303 4308 Konige
1360 4239 1552 4293 seinen

430 4303 782 4360 besonderen
828 4309 1031 4362 Schutz
1076 4310 1426 4378 angedeihen
1481 4327 1550 4362 zu

434 4371 646 4440 lassen,
701 4394 796 4429 um
851 4378 951 4431 ihn
996 4378 1055 4433 in
1106 4380 1217 4433 den
1262 4378 1435 4434 Stand
1481 4397 1549 4431 zu

1662 3035 1984 3090 Athenaeus
2011 3051 2197 3091 waren
2225 3036 2478 3093 Freunde
2515 3038 2616 3092 der
2642 3044 2785 3095 rom.

1666 3105 1974 3174 Glaubiger
2025 3107 2141 3159 und
2196 3107 2295 3160 auf
2345 3107 2629 3163 Anstiften
2684 3111 2787 3165 der

1661 3177 1961 3244 Athenais‚
2011 3177 2109 3230 der
2156 3176 2367 3232 Mutter
2415 3180 2511 3233 des
2549 3180 2783 3250 Konigs,

1664 3247 1911 3305 entfernt
1952 3246 2196 3302 worden.
2248 3279 2316 3289 —
2361 3250 2634 3321 sacerdos]
2682 3269 2783 3321 ge-

1662 3318 1841 3373 meint
1884 3316 1962 3371 ist
2004 3317 2104 3371 der
2149 3317 2371 3387 Gegner
2416 3320 2515 3375 des
2562 3320 2781 3391 Konigs

1659 3388 1984 3455 Archelaus,
2003 3387 2102 3443 der
2113 3389 2262 3444 Ober
2303 3392 2501 3446 riester
2511 3408 2604 3445 am
2615 3392 2782 3446 Tem-

1659 3462 1756 3530 pel
1792 3461 1892 3513 der
1931 3459 2126 3515 Gottin
2152 3460 2265 3532 'Bel
2290 3476 2400 3514 ona
2439 3462 2501 3516 in
2529 3462 2783 3518 Comana

1659 3531 1720 3585 in
1748 3530 1977 3585 PontuS.
2053 3518 2203 3584 Uber
2232 3531 2323 3584 die
2351 3533 2544 3587 Macht
2572 3535 2785 3588 dessel-

1658 3601 1768 3657 ben
1796 3619 1838 3657 s.
1868 3600 2084 3655 Hirtius
2112 3600 2174 3657 B.
2204 3601 2362 3657 Alex.
2394 3608 2487 3657 66:
2521 3603 2788 3674 Comana,

1656 3673 2076 3728 vetustissimum
2121 3677 2172 3727 et
2206 3675 2615 3730 sanctissimum
2651 3676 2781 3731 Bel-

1658 3746 1817 3798 lonae
1853 3744 2127 3810 templum,
2153 3745 2297 3812 quod
2324 3750 2487 3799 tanta
2516 3748 2780 3816 reliqione

1658 3817 1877 3880 colitur,
1912 3818 1976 3866 ut
2009 3815 2259 3868 sacerdos
2295 3816 2414 3869 eius
2449 3818 2580 3871 deae
2614 3820 2783 3872 maie-

1658 3890 1825 3951 state,
1860 3884 2115 3952 imperio,
2150 3887 2404 3952 potentia
2439 3889 2710 3942 seewndus
2745 3906 2785 3943 a

1657 3972 1780 4026 rege
1813 3970 2079 4010 consensu
2104 3957 2281 4025 yentis
2314 3958 2470 4012 illius
2495 3958 2779 4013 habeatur.

1662 4058 1730 4066 —
1779 4027 1877 4096 qui
1924 4056 1992 4064 —
2036 4027 2309 4098 volebant]
2365 4027 2456 4082 die
2494 4028 2782 4084 nationale

1657 4096 1870 4164 Partei,
1927 4096 2139 4151 welche
2197 4096 2307 4152 den
2355 4105 2490 4154 rom.
2543 4098 2780 4154 Einflul's

1659 4169 1902 4222 brechen
1937 4167 2146 4223 wollte.

1732 4244 1781 4293 7.
1820 4238 2062 4308 equitum
2097 4239 2360 4310 meorum]
2391 4238 2581 4295 Cicero
2617 4239 2779 4297 hatte

1658 4309 1811 4363 seine
1859 4309 2104 4363 Reiterei
2155 4326 2267 4364 von
2316 4309 2575 4378 Cybistra
2629 4313 2780 4367 nach

1659 4379 1895 4435 Cilicien
1921 4380 2199 4436 entsandt.
2230 4411 2298 4420 —
2327 4383 2438 4436 coh.
2462 4383 2777 4454 praetoria]
