3000 4917
391 214 476 278 ’ΖΟ
1180 215 1315 271 LIB.
1355 214 1395 270 1.
1462 213 1686 270 EPIST.
1726 220 1809 270 19.
1848 221 1934 279 20.

387 399 671 463 sequare,
717 377 1038 443 conficias.
1128 375 1293 461 Eg0,
1339 399 1484 442 cum
1531 377 1810 443 Romam
1853 398 2106 461 vener0,
2151 376 2401 440 nullum
2444 379 2737 460 praeter-

385 467 645 531 mittam
691 463 987 531 Caesaris
1033 466 1473 549 tabellarium,
1532 467 1635 531 cui
1678 466 1932 532 litteras
1983 466 2063 530 ad
2108 468 2173 529 te
2217 487 2351 530 non
2397 465 2575 529 dem.
2629 464 2737 530 his

388 555 613 620 diebus
656 592 731 603 —-
772 556 1073 642 ignosces
1112 592 1195 601 —
1235 555 1339 620 cui
1386 556 1625 638 darem,
1670 555 1795 619 fuit
1838 576 2029 619 nemo
2077 557 2224 618 ante
2269 554 2441 619 hunc
2486 551 2577 619 M.
2615 552 2740 618 Or-

385 643 561 729 fium,
606 645 887 730 equitem
932 642 1315 725 Romanum,
1359 648 1658 709 nostrum
1704 647 1771 707 et
1803 664 1921 726 per
1964 663 2028 709 se
2071 642 2628 727 pernecessarium
2671 646 2739 706 et

387 733 556 817 quod
603 738 702 799 est
749 755 827 798 ex
873 734 1221 817 municipio
1268 734 1598 816 Atellano,
1645 733 1814 816 quod
1862 733 1986 797 scis
2035 753 2175 796 esse
2222 730 2289 795 in
2325 731 2452 796 fide
2490 735 2742 797 nostra.

385 820 611 906 Itaque
677 844 820 888 eum
886 822 1012 886 tibi
1076 821 1458 887 commendo
1525 822 1595 886 in
1659 823 1972 886 maiorem
2036 820 2325 903 modum,
2397 819 2742 884 hominem

387 909 562 974 domi
612 911 1038 997 splendidum,
1086 911 1445 995 gratiosum
1495 912 1692 975 etiam
1730 913 1913 975 extra
1949 910 2240 992 domum3
2288 930 2479 992 quem
2520 908 2624 974 fac
2661 913 2744 973 ut

384 1002 498 1062 tua
535 1000 928 1065 liberalitate
966 999 1091 1064 tibi
1130 999 1379 1084 obliges
1422 1036 1498 1046 —
1542 1004 1642 1064 est
1678 1000 1979 1064 tribunus
2019 998 2302 1063 militum
2337 999 2407 1062 in
2445 998 2744 1062 exercitu

384 1092 601 1152 vestro
655 1112 763 1154 -ε
809 1091 1065 1173 gratum
1113 1088 1443 1153 hominem
1491 1089 2078 1172 observantemque
2122 1108 2494 1172 cognosces.
2578 1086 2746 1151 Tre-

382 1176 634 1241 batium
679 1181 754 1242 ut
798 1177 984 1242 valde
1032 1198 1236 1255 ames,
1284 1176 1700 1242 vehementer
1743 1180 1809 1242 te
1855 1197 2034 1261 rogo,

1229 1485 1258 1501 ,
1281 1389 1639 1485 Ems'rum
1682 1388 1824 1454 XX.

1329 1511 1416 1582 (Q.
1453 1510 1520 1565 fr.
1560 1509 1628 1565 II.
1670 1511 1776 1580 13.)

895 1618 1190 1674 MARCUS
1231 1616 1512 1684 QUINTO
1549 1617 1817 1673 FRATRI
1854 1616 2210 1674 SALUTEM.

326 1749 360 1811 1
560 1727 640 1793 A.
686 1728 745 1795 d.
790 1748 885 1795 IV.
928 1728 1099 1794 Non.
1145 1728 1397 1812 Iunias,
1452 1750 1580 1812 quo
1628 1727 1728 1792 die
1779 1727 2056 1793 Romam
2102 1728 2274 1812 veni,
2321 1727 2537 1810 accepi
2584 1730 2744 1793 tuas

391 1816 661 1901 litteras,
707 1818 893 1883 datas
938 1817 1325 1900 Placentiae,
1372 1816 1600 1881 deinde
1649 1817 1886 1882 alteras
1931 1817 2263 1901 postridie,
2311 1815 2498 1880 datas
2536 1815 2743 1880 Blan-

384 1906 629 1970 denone
675 1928 824 1971 cum
870 1904 1167 1971 Caesaris
1214 1905 1481 1987 litteris,
1535 1905 1790 1970 refertis
1838 1905 2016 1970 omni
2072 1905 2316 1988 officio,
2372 1905 2742 1989 diligentia,

383 1994 718 2060 suavitate.
794 1992 959 2059 Sunt
994 1997 1121 2059 ista
1159 1994 1411 2078 quidem
1455 2015 1698 2079 magna
1735 1994 1837 2060 vel
1871 1994 2090 2078 potius
2128 1995 2441 2077 maxima3
2482 1993 2744 2058 habent

384 2083 557 2147 enim
594 2083 728 2147 vim
774 2104 1078 2168 magnam
1128 2083 1208 2147 ad
1256 2083 1533 2169 gloriam
1575 2088 1641 2148 et
1678 2083 1758 2147 ad
1796 2105 2118 2148 summam
2156 2083 2570 2168 dignitatem3
2617 2082 2742 2149 sed

380 2171 547 2235 mihi
600 2171 812 2250 crede,
875 2193 1065 2258 quem
1119 2173 1321 2256 nosti,
1378 2171 1549 2256 quod
1594 2173 1664 2236 in
1709 2172 1856 2237 istis
1902 2171 2096 2236 rebus
2143 2193 2262 2257 ego
2309 2171 2577 2257 plurimi
2625 2193 2734 2237 ae-

385 2259 608 2344 stimo,
671 2260 735 2325 id
792 2260 924 2324 iam
979 2260 1218 2326 habeo:
1281 2264 1345 2326 te
1403 2260 1652 2326 scilicet
1704 2260 1987 2346 primum
2041 2261 2500 2326 inservientem
2555 2281 2735 2325 com-

384 2350 563 2413 muni
647 2349 982 2435 dignitati,
1066 2350 1293 2414 deinde
1377 2348 1675 2414 Caesaris
1753 2353 2010 2415 tantum
2093 2349 2161 2414 in
2237 2372 2341 2414 me
2424 2370 2737 2435 amorem,

384 2459 574 2523 quem
632 2439 930 2504 omnibus
987 2439 1068 2503 iis
1123 2438 1508 2522 honoribuS,
1564 2461 1724 2523 quos
1784 2460 1886 2503 me
1942 2461 1981 2504 a
2028 2460 2097 2503 se
2143 2441 2520 2521 exspectare
2566 2438 2730 2522 vult,

382 2532 726 2612 antepon0.
818 2528 1102 2594 Litterae
1168 2550 1322 2593 vero
1391 2528 1527 2593 eius
1592 2549 1721 2591 una
1775 2527 1965 2592 datae
2023 2549 2167 2592 cum
2230 2528 2390 2612 tuis,
2455 2549 2734 2611 quarum

382 2617 641 2682 initium
686 2620 801 2702 est,
850 2639 1046 2702 quam
1094 2617 1312 2682 suavis
1360 2617 1421 2680 ei
1465 2619 1618 2680 tuus
1667 2616 1982 2681 adventus
2030 2615 2225 2680 fuerit
2266 2619 2332 2680 et
2368 2615 2733 2682 recordatio

386 2707 622 2770 veteris
671 2707 935 2790 amoris,
982 2706 1237 2789 deinde,
1286 2721 1355 2769 se·
1401 2705 1796 2789 effecturum,
1841 2708 1918 2769 ut
1963 2724 2084 2789 ego
2131 2705 2202 2769 in
2247 2705 2459 2769 medio
2508 2705 2734 2770 dolore

386 2816 461 2858 ac
508 2795 827 2859 desiderio
874 2795 971 2859 tui
1016 2799 1100 2878 te,
1147 2817 1290 2859 cum
1327 2816 1366 2858 a
1404 2815 1507 2858 me
1548 2794 1826 2877 abesses,
1872 2794 2289 2878 potissimum
2329 2815 2549 2859 secum
2588 2815 2733 2859 esse

385 2967 677 3035 (Novemb.
707 2968 825 3036 54)·
868 2968 1109 3023 Tantum
1145 2974 1195 3023 te
1230 2973 1281 3023 et
1315 2984 1501 3023 moneo

384 3042 435 3092 et
469 3054 617 3108 royo,
652 3044 716 3092 ut
750 3040 814 3092 in
840 3040 964 3094 istis
988 3041 1248 3095 molestiis
1274 3045 1324 3095 et
1352 3040 1500 3095 labo-

382 3109 538 3163 ribus
573 3114 623 3162 et
658 3110 942 3165 desideriis
976 3111 1278 3180 recordere,
1322 3112 1501 3166 consi-

384 3180 521 3233 lium
554 3184 801 3235 nostrum
837 3182 982 3250 quod
1015 3182 1185 3265 fuerit
1205 3152 1500 3252 profectio-

378 3251 473 3305 nis
508 3255 739 3306 tuae..
784 3292 795 3305 .
829 3253 965 3321 quid
1000 3255 1145 3307 enim
1180 3260 1315 3321 erat,
1357 3255 1502 3324 quod

380 3323 619 3378 discessu
634 3328 820 3378 nostro
839 3324 1118 3379 emendum
1134 3324 1500 3394 putaremus?

385 3393 737 3449 Praesidium
779 3394 1149 3462 firmissimum
1190 3397 1502 3480 petebamus

383 3482 452 3520 ex
488 3467 685 3535 optimi
719 3470 769 3520 et
798 3466 1167 3533 potentissimi
1200 3467 1312 3521 viri
1347 3467 1499 3521 bene-

380 3537 621 3591 volentia
664 3538 741 3592 ad
785 3552 991 3591 omnem
1034 3542 1237 3592 statum
1283 3542 1501 3593 nostrae

1609 2970 1868 3037 getreten
1916 2969 2053 3023 sein.
2090 3000 2157 3009 —
2201 2969 2544 3039 Trebatium]
2590 2971 2735 3024 iiber

1608 3040 1708 3094 ihn
1745 3058 1788 3096 s.
1818 3039 1942 3095 Lib.
1971 3038 2038 3094 11.
2079 3040 2402 3095 Tanna-ms.

1680 3163 1855 3220 Ems‘r.
1903 3163 2021 3218 XX.
2044 3165 2214 3245 (700.
2257 3165 2365 3233 54.)
2418 3162 2532 3219 Der
2576 3163 2739 3218 Brief

1607 3236 1685 3290 ist
1726 3235 1805 3290 im
1850 3234 1984 3289 Juni
2038 3233 2098 3289 in
2144 3236 2288 3288 Rom
2343 3236 2731 3303 geschrieben.

1608 3294 1758 3363 Uber
1806 3306 2027 3362 Ciceros
2072 3304 2397 3360 Verbaltnis
2442 3323 2509 3360 zu
2557 3307 2731 3363 Cesar

1611 3396 1653 3434 s.
1689 3378 1834 3432 Einl.
1876 3396 1921 3434 z.
1960 3378 2012 3433 J.
2052 3382 2174 3432 700.

1682 3471 1730 3521 1.
1769 3465 2154 3536 Blandenone]
2195 3465 2293 3519 der
2317 3464 2497 3519 Name
2524 3465 2603 3520 ist
2629 3483 2732 3520 un-

1610 3537 1791 3591 sicher
1851 3538 1964 3591 und
2030 3541 2187 3591 sonst
2249 3536 2593 3590 unbekannt.
2659 3566 2728 3578 -

379 3609 688 3677 diynitatis.
728 3638 796 3647 -
833 3613 1079 3663 nostrum
1107 3607 1349 3678 permea]
1393 3609 1499 3663 wie

380 3677 533 3735 Fam.
555 3677 699 3733 XIII.
722 3684 817 3733 40:
865 3694 1030 3733 meos
1048 3681 1497 3760 pernecessarios.

380 3781 446 3790 —
486 3749 769 3822 Atellano]
807 3749 1014 3819 Atella,
1053 3749 1267 3804 stadt·
1249 3767 1309 3803 111
1338 3750 1497 3832 Cam-

379 3823 613 3890 panien,
678 3821 848 3876 deren
905 3821 1213 3876 Interessen
1270 3821 1384 3878 Cic.
1437 3821 1496 3875 in

380 3893 524 3946 Rom
576 3897 809 3948 vertrat.
867 3924 934 3934 —
989 3893 1159 3975 domi]
1210 3891 1271 3947 in
1318 3893 1499 3947 seiner

378 3961 629 4032 Heimat,
675 3966 773 4019 der
807 3963 1295 4020 Provinzialstadt.
1370 3963 1496 4032 Vgl.

383 4031 506 4088 Cas.
545 4035 597 4089 b.
637 4034 769 4104 8Ῑ.
807 4040 900 4090 20:
938 4036 1087 4091 domi
1122 4040 1282 4105 atque
1316 4035 1381 4089 in
1415 4050 1498 4089 re·

384 4104 461 4173 liq
462 4120 539 4158 ua
579 4053 786 4161 Gallia.
845 4137 913 4147 —
969 4112 1047 4162 est
1082 4107 1342 4161 tm'bmus
1376 4106 1495 4176 eta]

379 4175 487 4227 wie
526 4175 677 4230 diese
714 4176 1037 4246 Mitteilung
1073 4177 1246 4247 zeigt,
1284 4194 1402 4232 war
1438 4192 1499 4230 er

382 4242 467 4297 als
515 4245 734 4301 solcher
779 4248 907 4302 dem
943 4249 1193 4318 Legaten
1239 4246 1302 4312 Q.
1351 4248 1495 4302 noch

380 4312 733 4384 unbekannt,
781 4318 1003 4373 mochte
1043 4336 1102 4373 er
1149 4318 1252 4374 auf
1281 4317 1494 4374 Urlaub

380 4399 640 4455 gewesen
691 4387 829 4442 oder
873 4388 1010 4443 eben
1058 4390 1175 4443 erst
1220 4406 1328 4444 neu
1374 4390 1492 4444 ein-

1606 3608 1741 3679 ista]
1780 3625 1894 3663 was
1923 3608 1999 3662 du
2026 3608 2135 3661 mir
2162 3605 2440 3662 schreibst
2466 3607 2583 3662 und
2612 3624 2730 3663 was

1608 3680 1780 3734 Casar
1832 3679 2172 3748 verspricht‚
2237 3677 2330 3732 die
2395 3678 2584 3747 gleich
2642 3696 2729 3733 er-

1608 3752 1869 3805 wahnten
1913 3751 2155 3806 honores.
2230 3750 2348 3804 Iste
2395 3750 2537 3819 geht
2584 3750 2730 3805 auch

1605 3821 1685 3874 im
1756 3820 1893 3890 folg.
1966 3821 2165 3875 immet
2238 3820 2338 3874 auf
2405 3819 2591 3873 Casar.
2660 3852 2729 3861 —

1606 3892 1875 3948 Habent.
1951 3892 2128 3962 .vim]
2166 3890 2352 3945 haben
2386 3890 2510 3946 eine
2537 3890 2727 3960 grosse

1606 3933 1964 4033 Bedeutung‚
2019 3965 2094 4018 ad
2143 3988 2211 4008 =
2256 3960 2315 4015 in
2370 3962 2560 4031 Bezug
2615 3963 2728 4044 auf,

1607 4050 1771 4089 wenn
1809 4051 1867 4088 es
1904 4034 2038 4115 gilt,
2078 4034 2368 4089 ankommt
2405 4033 2507 4087 auf
2539 4059 2608 4078 ==
2645 4033 2725 4090 sie

1607 4110 1913 4174 vermogen
1973 4102 2087 4158 viel
2157 4104 2549 4173 beizutragen,
2623 4121 2725 4175 pro

1605 4177 1745 4231 Mur.
1791 4182 1870 4231 18.
1910 4181 2005 4230 38·
2050 4176 2150 4231 hoc
2185 4176 2382 4245 quanti
2408 4180 2584 4244 putas
2619 4192 2726 4232 esse

1605 4249 1680 4303 ad
1698 4249 1908 4314 famam
1920 4248 2199 4303 hominum
2213 4262 2279 4302 ac
2292 4247 2639 4302 voluntatem.
2653 4278 2718 4288 —

1603 4335 1658 4374 se
1712 4318 2048 4389 effecturum]
2104 4318 2202 4371 der
2255 4316 2413 4371 Infin.
2471 4316 2724 4372 schliesst

1605 4390 1725 4445 sich
1779 4391 1899 4444 lose
1954 4405 2027 4443 an
2083 4404 2314 4458 quorum
2366 4389 2593 4444 initium
2646 4394 2723 4444 est
