3000 4917
394 561 436 625 3

460 217 594 281 200
1232 216 1368 275 LIB.
1405 216 1500 271 ΠΙ.
1564 217 1791 273 EPIST.
1831 224 1915 272 32.
1955 224 2042 275 33.

460 383 604 443 tuto
661 400 1036 463 possumus:
1101 401 1220 443 nec
1273 379 1340 443 id
1396 380 1662 444 victoris
1718 380 1907 461 vitio,
1974 402 2098 464 quo
2155 380 2323 444 nihil
2388 380 2793 465 moderatius,

464 468 575 531 sed
621 467 823 551 ipsius
870 468 1207 547 victoriae,
1256 489 1419 552 quae
1468 468 1762 533 civilibus
1810 469 1999 533 bellis
2049 491 2302 553 semper
2348 472 2445 533 est
2492 469 2794 534 insolens,

636 555 781 621 Uno
839 558 904 619 te
958 556 1258 639 vicimus,
1316 557 1486 641 quod
1544 557 1622 620 de
1677 556 2001 640 Marcelli,
2063 558 2349 644 collegae
2405 558 2530 641 tui,
2598 557 2794 622 salute

456 644 649 727 paulo
690 648 838 708 ante
877 666 1067 727 quam
1106 648 1179 709 tu
1218 646 1657 730 cognovimuS,
1705 646 1903 709 etiam
1949 645 2314 711 mehercule
2354 646 2544 730 quod,
2593 668 2797 730 quem-

459 731 803 797 admodum
861 754 936 796 ea
991 754 1092 796 res
1151 737 1476 818 ageretur,
1531 733 1829 800 vidimuS.
1919 732 2089 798 Nam
2148 736 2242 799 sic
2298 735 2399 799 fac
2456 734 2797 813 existimes,

456 825 608 904 post
655 821 776 886 has
824 820 1146 908 miserias,
1194 821 1259 885 id
1307 825 1424 906 est,
1473 825 1822 905 postquam
1871 823 2066 886 armis
2115 822 2457 906 disceptari
2507 826 2797 906 coeptum

457 913 555 972 est
602 910 679 973 de
726 910 865 973 iure
903 910 1183 994 publico,
1229 909 1395 974 nihil
1434 931 1573 974 esse
1612 913 1827 975 actum
1865 910 2038 975 aliud
2077 933 2223 975 cum
2261 911 2610 997 dignitate3
2658 933 2798 974 nam

456 1002 521 1061 et
567 998 705 1081 ipse
746 995 984 1062 Caesar
1032 1002 1335 1063 accusata
1380 998 1735 1063 acerbitate
1772 998 2065 1064 Marcelli
2107 1037 2183 1046 -—
2229 1001 2322 1064 sic
2370 1000 2544 1064 enim
2596 999 2799 1083 appel-

455 1086 634 1151 labat
712 1122 785 1132 -
866 1086 1255 1169 laudataque
1320 1085 1974 1151 honorificentissime
2033 1091 2099 1152 et
2167 1089 2497 1173 aequitate
2567 1091 2684 1152 tua
2742 1090 2800 1150 et

454 1174 798 1258 prudentia
852 1178 1115 1259 repente
1171 1179 1427 1259 praeter
1483 1196 1660 1259 spem
1718 1174 1880 1239 dixit
1939 1175 2039 1240 ‘se
2098 1177 2351 1242 senatui
2409 1176 2678 1262 roganti
2730 1175 2797 1239 de

459 1263 769 1327 Marcello
817 1285 898 1327 ne
947 1263 1184 1328 ominis
1233 1264 1490 1347 quidem
1538 1286 1730 1328 causa
1766 1263 2197 1348 negaturum'.
2273 1264 2552 1330 Fecerat
2591 1267 2797 1329 autem

454 1351 578 1415 hoc
627 1355 918 1435 senatus,
965 1355 1055 1435 ut,
1102 1374 1245 1420 cum
1296 1373 1334 1415 a
1379 1351 1450 1416 L.
1500 1352 1733 1417 Pisone
1780 1353 2024 1417 mentio
2074 1357 2248 1418 esset
2292 1355 2466 1419 facta
2517 1354 2597 1417 de
2644 1352 2796 1416 Mar-

456 1438 622 1503 cello
671 1443 738 1503 et
784 1438 853 1505 C.
898 1438 1241 1505 Marcellus
1290 1462 1358 1504 se
1405 1441 1484 1505 ad
1534 1439 1827 1506 Caesaris
1874 1441 2069 1525 pedes
2117 1442 2483 1525 abiecisset,
2537 1445 2793 1506 cunctus

456 1533 876 1613 consurgeret
922 1531 989 1592 et
1036 1528 1117 1593 ad
1156 1525 1499 1593 Caesarem
1551 1530 1819 1614 supplex
1859 1531 2204 1595 accederet.
2278 1529 2435 1596 Noli
2474 1550 2797 1615 quaerere:

454 1616 549 1679 ita
594 1616 757 1681 mihi
802 1616 1068 1700 pulcher
1103 1617 1210 1682 hic
1247 1617 1382 1681 dies
1420 1618 1597 1682 visus
1637 1621 1752 1700 est,
1799 1621 1871 1681 ut
1909 1619 2184 1701 speciem
2226 1619 2513 1703 aliquam
2555 1618 2795 1683 viderer

393 1704 674 1773 4videre
714 1705 900 1790 quasi
936 1706 1381 1771 reviviscentis
1417 1707 1511 1770 rei
1549 1702 1867 1790 publicae.
1938 1706 2166 1791 Itaque
2206 1730 2347 1772 cum
2388 1730 2618 1772 omnes
2657 1709 2793 1770 ante

456 1815 559 1857 me
615 1795 831 1879 rogati
892 1795 1138 1878 gratias
1195 1792 1460 1860 Caesari
1517 1793 1805 1880 egissent
1866 1798 2123 1878 praeter
2176 1795 2550 1861 Volcatium
2614 1831 2689 1843 —-
2744 1795 2792 1857 is

457 1882 656 1966 enim,
722 1883 778 1947 si
836 1903 912 1946 eo
970 1883 1111 1948 loco
1168 1886 1365 1966 esset,
1427 1884 1694 1968 negavit
1749 1904 1814 1948 se
1870 1883 2190 1948 facturum
2244 1884 2445 1949 fuisse
2503 1922 2624 1969 —,
2686 1902 2794 1966 ego

455 1976 722 2055 rogatus
770 1971 1018 2035 mutavi
1062 1993 1275 2036 meum
1325 1972 1696 2055 consilium3
1750 1993 1906 2036 nam
1954 1976 2333 2055 statueram,
2381 1994 2518 2037 non
2565 1972 2795 2037 meher-

455 2060 597 2122 cule
652 2059 915 2141 inertia,
972 2060 1083 2123 sed
1138 2059 1456 2125 desiderio
1514 2061 1831 2145 pristinae
1877 2060 2249 2147 dignitatis,
2305 2062 2375 2125 in
2420 2065 2794 2145 perpetuum

455 2149 686 2211 tacere.
785 2145 1013 2232 Fregit
1072 2148 1198 2213 hoc
1263 2171 1479 2213 meum
1546 2149 1885 2214 consilium
1945 2153 2011 2213 et
2066 2146 2363 2214 Caesaris
2422 2148 2791 2235 magnitudo

458 2234 657 2299 animi
720 2238 784 2299 et
836 2240 1098 2301 senatus
1146 2237 1459 2321 officium3
1516 2238 1737 2322 itaque
1783 2238 2078 2323 pluribus
2125 2240 2340 2303 verbis
2388 2240 2495 2323 egi
2546 2234 2796 2305 Caesari

458 2468 539 2518 16.
584 2455 633 2517 1.”
671 2493 735 2503 -
773 2479 872 2517 lnec
917 2463 980 2516 id
1022 2464 1268 2535 victoris]
1307 2482 1430 2517 zum
1469 2462 1575 2518 Ge-

460 2534 682 2588 danken
719 2534 832 2603 vgl.
873 2532 968 2587 111.
1007 2539 1093 2589 21.
1133 2540 1181 2589 3.

525 2610 573 2659 3.
651 2605 1019 2674 coynovimas]
1104 2621 1415 2675 coynoscere
1495 2608 1580 2676 de,

454 2674 673 2743 Kunde‚
712 2676 1052 2729 Kenntnis
1091 2676 1413 2729 erhalten
1450 2693 1579 2732 von

458 2747 549 2816 (de
580 2772 649 2791 --·
679 2747 818 2800 ‘was
845 2745 1136 2814 betrifft');
1172 2764 1214 2800 s.
1244 2766 1288 2799 z.
1319 2747 1384 2802 11.
1420 2753 1502 2802 18.
1526 2753 1575 2801 2.

454 2847 527 2857 -
547 2818 844 2885 disceptari
866 2858 877 2870 .
902 2861 913 2872 .
935 2818 1000 2871 de
1027 2818 1149 2872 iure
1169 2818 1346 2888 publ]
1370 2818 1576 2877 ebenso

456 2886 546 2942 111.
570 2893 656 2941 28.
681 2894 730 2943 5.
753 2919 816 2928 -
843 2889 1115 2956 aequitate
1142 2889 1267 2960 tua]
1288 2888 1346 2942 in
1368 2889 1581 2944 seinem

457 2957 733 3012 Konsulat
781 2976 822 3010 s.
875 2958 926 3012 d.
965 2974 1081 3013 vor.
1121 2960 1210 3013 Br.
1250 2965 1281 3025 ς
1320 2964 1367 3014 1.
1405 2991 1475 2999 -
1512 2977 1581 3014 ‘ne

456 3029 656 3083 ominis
701 3029 941 3098 quidem]
1004 3030 1103 3083 der
1147 3031 1324 3084 bbsen
1369 3031 1579 3085 Vorbe—

459 3100 714 3166 deutung
735 3115 945 3167 wegen,
970 3098 1062 3154 die
1083 3115 1141 3155 es
1159 3100 1346 3155 haben
1355 3100 1578 3169 mutate,

456 3187 620 3225 wenn
687 3169 786 3224 das
843 3172 990 3225 erste
1046 3171 1451 3240 Zugestandnis
1509 3189 1581 3226 an

459 3241 568 3295 den
607 3240 778 3295 Senat
816 3241 978 3295 einen
1016 3240 1188 3296 Manu
1225 3243 1434 3308 betraf,
1483 3243 1583 3298 der

457 3313 561 3366 wie
618 3312 811 3365 keiner
867 3312 1077 3381 gerade
1135 3313 1213 3367 im
1268 3314 1441 3368 Senat
1495 3315 1582 3367 als

456 3382 673 3437 Konsul
708 3382 890 3452 heftig
929 3384 1044 3438 und
1083 3414 1150 3425 —
1190 3385 1582 3453 gesetzwidrig

457 3470 639 3522 gegen
661 3453 833 3508 Casar
853 3455 1206 3523 aufgetreten
1236 3472 1369 3510 war.
1421 3454 1583 3509 Denn

457 3525 542 3579 als
581 3526 680 3579 der
719 3525 891 3580 Scnat
928 3525 1047 3580 sich
1086 3526 1421 3596 geweigert‚
1473 3526 1583 3580 den

456 3611 566 3649 von
603 3596 721 3649 ihm
777 3595 1133 3665 verlangten,
1180 3593 1352 3650 Canai·
1401 3597 1582 3651 feind-

454 3666 669 3733 lichen,
719 3665 1008 3721 Beschluss
1053 3682 1121 3719 zu
1162 3667 1372 3733 fassen,
1421 3667 1581 3722 hatte

458 3754 516 3792 er
546 3738 650 3790 mit
671 3736 890 3791 Gewalt
917 3736 1172 3807 gedroht.
1213 3735 1268 3791 εἰ
1291 3737 1582 3807 κωλύομαι

455 3805 1581 3949 lissam:⁰²35‘235333‘50‘0‘32252232

454 3951 599 4019 App.
640 3952 691 4004 b.
735 3968 781 4006 c.
821 3949 891 4004 ΙΙ.
931 3956 1014 4005 31.
1069 3949 1310 4016 (Andere
1357 3949 1579 4004 Lesart:

456 4038 524 4076 ‘ne
568 4023 805 4076 hominis
850 4037 938 4092 qu.
988 4021 1039 4077 d.
1078 4020 1115 4077 i.
1155 4021 1451 4089 Marcelli.)
1512 4052 1580 4061 —

459 4092 714 4162 Fecerat]
763 4092 1215 4162 Umschreibung
1257 4091 1364 4146 wie
1412 4091 1450 4146 1.
1497 4098 1578 4148 18.

456 4168 541 4216 35.
635 4163 1056 4232 Entsprechend
1142 4165 1268 4216 dem
1352 4163 1582 4217 vorher-

460 4233 752 4301 gehenden
810 4240 859 4289 et
916 4232 1118 4289 Caesar
1173 4235 1332 4288 h‘atte
1388 4234 1582 4305 folgen

460 4302 637 4355 sollen
675 4310 724 4357 et
760 4310 996 4359 senatus.
1035 4303 1377 4360 Anakoluth.
1410 4335 1477 4345 —
1510 4305 1579 4359 L.

459 4371 683 4441 Pisone]
724 4374 785 4426 L.
825 4374 1154 4443 Calpurnius
1191 4375 1339 4443 Piso,
1381 4374 1580 4430 Casars

1690 2463 2185 2533 Schwiegervater‚
2205 2467 2313 2520 den
2327 2464 2497 2519 Casar
2517 2462 2795 2520 vielleicht

1686 2534 1997 2591 veranlasst
2060 2537 2244 2604 hatte,
2310 2536 2402 2591 die
2467 2536 2649 2590 Sache
2706 2532 2790 2586 des

1686 2607 1984 2660 Marcellus
2040 2607 2117 2660 im
2167 2608 2370 2662 Senate
2416 2623 2514 2659 zur
2564 2603 2792 2675 Sprache

1687 2696 1753 2731 zu
1802 2676 2054 2746 bringen.
2096 2708 2164 2717 —
2204 2677 2258 2734 0.
2305 2678 2637 2748 Marcellus]
2681 2693 2718 2729 s,
2753 2692 2791 2731 z.

1684 2747 1780 2802 III.
1839 2754 1921 2804 20.
1973 2756 2021 2802 6.
2071 2780 2139 2789 -
2190 2750 2329 2804 Noli
2389 2748 2669 2818 quaerere]
2730 2746 2793 2798 ist

1686 2818 1815 2873 wie=
1857 2821 1992 2888 quid
2028 2820 2287 2888 quaeris?
2326 2821 2462 2889 quid
2485 2816 2702 2874 multa?
2735 2831 2793 2869 ne

1687 2891 1861 2943 multa
1903 2891 2027 2944 eine
2065 2890 2230 2945 Form
2269 2892 2367 2945 der
2401 2890 2697 2945 PraecisiO.
2731 2915 2791 2926 --

1685 2962 2055 3015 reviviscentis
2098 2979 2143 3017 r.
2183 2962 2270 3032 μ]
2329 2961 2496 3016 C'asar
2552 2959 2691 3015 hielt
2741 2972 2791 3009 es

1686 3032 1777 3084 fiir
1827 3033 1954 3099 gut,
2009 3030 2171 3086 nicht
2211 3034 2357 3086 nach
2404 3032 2662 3101 eigenem
2705 3027 2791 3080 Er-

1687 3119 1910 3157 messen
1938 3102 2128 3156 seinen
2147 3101 2320 3157 Feind
2351 3100 2788 3163 zurfickzurufen,

1691 3174 1931 3227 sondern
1960 3173 2049 3227 die
2083 3173 2518 3241 Rfickbernfung
2546 3174 2643 3227 des
2663 3170 2789 3224 Mar-

1691 3243 1866 3298 cellus
1904 3243 1988 3297 als
2017 3242 2309 3298 Beschluss
2337 3245 2435 3298 des
2465 3243 2692 3298 Senates
2719 3256 2787 3293 er-

1692 3315 1954 3369 scheinen
2000 3331 2067 3367 zu
2111 3314 2323 3383 lassen3
2372 3332 2430 3369 er
2475 3313 2605 3369 liess
2652 3313 2788 3366 dem-

1689 3385 1832 3439 nach
1874 3384 1981 3439 den
2012 3383 2184 3439 Senat
2218 3386 2574 3453 abstimmen,
2613 3385 2693 3438 als
2726 3380 2788 3433 ob

1687 3455 1781 3509 bei
1858 3455 2069 3510 diesem
2140 3456 2348 3511 wieder
2417 3455 2507 3510 die
2573 3454 2789 3509 hochste

1689 3526 1885 3581 Macht
1919 3527 2016 3581 sei.

1762 3674 1812 3720 4.
1850 3668 2171 3792 royati]vsc.
2209 3670 2547 3723 sententiam.
2580 3697 2643 3707 —
2683 3662 2786 3742 Vpl·

1690 3739 1921 3806 catium]
1950 3738 2009 3792 L.
2094 3738 2332 3793 olcatius
2361 3739 2557 3793 Tullus
2587 3753 2695 3792 war
2718 3748 2786 3814 ιφ

1689 3809 1737 3863 J.
1781 3816 1849 3864 66
1886 3809 2018 3864 Kos.
2057 3826 2330 3878 gewesen.
2390 3807 2672 3863 Wahrend
2707 3803 2784 3884 (11.6

1690 3878 1929 3952 ΰδτίςθςι,
1966 3880 2273 3935 Senatoren
2320 3881 2409 3934 ihr
2445 3880 2651 3935 Votum
2694 3874 2786 3929 mlt

1691 3950 1846 4004 einer
1892 3950 2208 4021 Ausserung
2262 3952 2360 4006 des
2406 3950 2630 4005 Dankes
2680 3961 2784 4000 ver·

1689 4023 1936 4090 handen,
2012 4023 2254 4077 erklarte
2320 4038 2405 4089 er,
2471 4039 2544 4076 an
2608 4020 2785 4074 Casars

1691 4092 1866 4146 Stelle
1903 4093 2092 4147 wfirde
2131 4109 2191 4147 er
2227 4092 2386 4147 nicht
2412 4110 2473 4146 so
2502 4086 2783 4162 gehandelt

1689 4163 1891 4220 haben.
1931 4194 1995 4203 —
2036 4164 2325 4235 desiderio]
2373 4163 2502 4217 weil
2546 4161 2636 4217 ich
2678 4172 2782 4214 ver·

1687 4232 1873 4288 misse.
1921 4265 1988 4275 —
2034 4240 2257 4289 senatus
2301 4234 2546 4302 officium
2623 4243 2783 4303 gegen

1689 4304 1988 4359 Marcellus
2026 4305 2108 4360 als
2137 4305 2399 4373 Mitglied
2428 4305 2526 4359 des
2596 4302 2780 4358 enates.

1691 4407 1754 4415 —
1805 4378 1889 4445 eyi
1940 4377 2177 4447 qratias]
2238 4376 2328 4431 die
2376 4376 2530 4430 Rede
2579 4390 2675 4445 pro
2716 4365 2780 4421 Μ-
