3000 4917
1086 248 1160 305 M.
1199 247 1505 305 POROIUS
1545 248 1749 307 CATO.
2463 251 2591 316 133

430 410 554 476 Sed
608 410 802 477 nimis
858 411 1016 477 haec
1078 413 1288 478 multa
1343 414 1420 477 de
1476 437 1605 498 me,
1659 414 2040 499 praesertim
2099 415 2179 480 ad
2229 418 2323 499 te,
2378 437 2418 479 a
2464 437 2588 500 quo
2614 418 2698 484 15

246 522 381 565 uno
438 500 724 565 omnium
783 502 1104 567 sociorum
1161 503 1458 586 querelae
1515 503 1886 569 audiuntur.
1952 525 2300 589 cognosces
2357 526 2435 569 ex
2488 505 2593 589 iis,

249 590 364 674 qui
430 591 592 654 meis
647 590 969 656 institutis
1024 613 1091 656 se
1146 595 1469 656 recreatos
1533 596 1794 679 putant3
1857 615 2127 678 cumque
2182 615 2406 658 omnes
2462 616 2590 658 uno

242 700 454 763 prope
501 700 819 743 consensu
862 680 939 744 de
985 702 1087 743 me
1126 680 1298 764 apud
1333 683 1399 744 te
1438 703 1532 764 ea,
1579 703 1741 766 quae
1776 643 1940 746 'mihi
1977 681 2387 766 optatissima
2423 686 2592 766 sunt,

241 767 741 852 praedicabunt,
797 772 938 833 tum
995 768 1156 832 duae
1210 768 1530 834 maximae
1587 771 1925 834 clientelae
1969 774 2148 855 tuae,
2205 769 2452 854 Cyprus
2498 733 2592 835 in³

242 857 394 921 sula
448 860 515 920 et
570 855 1015 942 Cappadociae
1071 878 1369 961 regnum,
1432 863 1646 923 tecum
1703 860 1781 923 de
1835 881 1938 923 me
1992 821 2363 962 loquentum
2429 863 2590 944 puto

243 945 452 1010 etiam
488 965 708 1030 regem
745 945 1156 1029 Deiotarumf
1193 948 1304 1032 qui
1349 970 1515 1012 unus
1553 946 1678 1012 tibi
1720 950 1819 1012 est
1854 949 2133 1012 maxime
2170 949 2590 1013 necessarius.

245 1034 433 1137 Quae
480 1034 538 1098 si
584 1034 781 1099 etiam
826 1036 1075 1100 maiora
1121 1039 1273 1100 sunt
1321 1039 1388 1100 et
1440 1037 1513 1100 in
1570 1037 1869 1101 omnibus
1926 1037 2196 1101 saeculis
2250 1037 2620 1121 pauciores

239 1123 375 1188 viri
411 1122 656 1206 reperti
693 1128 860 1207 sunt,
899 1125 1007 1208 qui
1045 1146 1195 1188 suas
1235 1125 1645 1211 cupiditateS,
1681 1148 1875 1210 quam
1915 1126 2026 1210 qui
2059 1125 2345 1191 hostium
2375 1126 2590 1209 copias

238 1211 607 1294 vincerent,
666 1217 766 1276 est
809 1213 1103 1298 profecto
1151 1216 1363 1297 tuum,
1410 1235 1558 1278 cum
1604 1214 1686 1279 ad
1732 1237 1834 1279 res
1882 1215 2148 1279 bellicas
2194 1215 2377 1299 haec,
2429 1236 2590 1299 quae

237 1301 500 1366 rariora
556 1304 621 1365 et
674 1301 1040 1366 difficiliora
1096 1306 1271 1381 sunt,
1337 1323 1576 1386 genera
1632 1303 1893 1368 virtutis
1950 1303 2348 1383 adiunxeriS,
2411 1304 2589 1388 ipsas

242 1389 450 1455 etiam
494 1390 645 1454 illas
692 1412 795 1455 res
842 1395 1063 1477 gestas
1108 1391 1414 1456 iustiores
1464 1413 1604 1457 esse
1653 1395 1718 1456 et
1765 1394 2042 1458 maiores
2088 1396 2337 1478 putare.

428 1478 806 1543 Extremum
860 1479 1023 1544 illud
1076 1485 1199 1563 est,
1262 1483 1338 1545 ut
1401 1482 1590 1566 quasi
1652 1481 1949 1546 diffidens
2016 1481 2346 1565 rogationi
2410 1503 2591 1545 meae
2615 1484 2695 1548 16

237 1568 735 1652 philosophiam
784 1568 865 1632 ad
909 1572 974 1633 te
1022 1570 1316 1654 allegem,
1363 1592 1491 1654 qua
1538 1591 1653 1634 nec
1695 1570 1857 1634 mihi
1895 1571 2101 1634 carior
2136 1571 2270 1635 ulla
2305 1593 2591 1654 unquam

240 1679 355 1722 res
384 1658 455 1721 in
482 1658 621 1722 vita
647 1657 792 1741 fuit,
828 1679 945 1722 nec
979 1657 1316 1722 hominum
1354 1659 1578 1743 generi
1615 1660 1825 1723 maius
1866 1681 1904 1722 a
1941 1657 2077 1723 deis
2117 1681 2348 1723 munus
2386 1659 2591 1723 ullum

240 1749 352 1811 est
388 1745 631 1811 datum.
703 1745 880 1811 Haec
917 1747 1135 1832 igitur,
1182 1768 1345 1832 quae
1385 1747 1546 1811 mihi
1583 1750 1798 1813 tecum
1836 1746 2198 1812 communis
2237 1751 2355 1830 est,
2392 1748 2593 1811 socie-

238 1839 353 1900 tas
393 1835 756 1900 studiorum
795 1840 988 1920 atque
1029 1836 1265 1900 artium
1302 1840 1688 1920 nostrarum,
1727 1837 1960 1922 quibus
1999 1859 2038 1900 a
2073 1836 2354 1921 pueritia
2390 1836 2591 1900 dediti

239 1945 320 1989 ac
372 1923 653 1988 devincti
698 1925 822 1989 soli
867 1925 1334 2009 propemodum
1375 1947 1495 1989 nos
1534 1924 2013 2009 philosophiam
2053 1947 2270 1989 veram
2306 1925 2490 1989 illam
2528 1928 2594 1988 et

237 2013 614 2097 antiquam,
672 2035 835 2097 quae
893 2014 1277 2098 quibusdam
1334 2014 1451 2078 otii
1507 2035 1647 2078 esse
1704 2036 1780 2079 ac
1835 2013 2113 2078 desidiae
2182 2015 2460 2097 videtur,
2525 2014 2595 2078 in

237 2101 467 2167 forum
524 2105 715 2186 atque
769 2101 837 2166 in
892 2123 1031 2166 rem
1086 2103 1414 2186 publicam
1470 2107 1684 2188 atque·
1720 2102 1790 2166 in
1842 2104 2053 2187 ipsam
2119 2103 2324 2168 aciem
2388 2124 2594 2187 paene

244 2190 649 2271 deduximu8‚
697 2193 911 2256 tecum
958 2190 1097 2276 agit
1144 2192 1222 2256 de
1267 2214 1412 2255 mea
1457 2192 1665 2276 laude,
1713 2192 1814 2256 cui
1859 2192 2088 2277 negari
2137 2215 2175 2256 a
2213 2190 2456 2257 Catone
2490 2191 2591 2255 fas

240 2301 392 2343 esse
436 2300 571 2342 non
615 2283 795 2364 puto.
871 2279 1304 2356 Quamobrem
1350 2281 1470 2345 tibi
1509 2279 1602 2345 sic
1637 2281 2028 2364 persuadeas
2065 2281 2289 2345 velim:
2338 2281 2395 2344 si
2431 2278 2592 2344 mihi

237 2372 365 2433 tua
421 2368 743 2432 sententia
796 2369 1081 2433 tributus
1137 2370 1345 2434 honos
1400 2391 1480 2433 ex
1542 2371 1702 2433 meis
1756 2369 1995 2433 litteris
2060 2367 2282 2450 fuerit,
2342 2390 2446 2432 me
2501 2369 2593 2433 sic
2676 2396 2685 2405 ·

241 2457 788 2536 existimaturum,
836 2479 981 2521 cum
1032 2459 1415 2523 auctoritate
1460 2461 1594 2541 tua,
1638 2461 1777 2521 tum
1817 2457 2262 2522 benevolentia
2299 2477 2455 2541 erga
2490 2478 2593 2520 me

242 2545 440 2629 mihi,
488 2545 660 2630 quod
707 2547 983 2611 maxime
1031 2546 1365 2630 cupierim,
1411 2546 1776 2631 contigisse.

324 2760 408 2811 15.
432 2773 469 2809 a
486 2772 592 2826 quo
610 2772 754 2811 uno·
776 2757 1144 2838 ,audieerat-ur]
1185 2757 1370 2810 Wenn

241 2826 383 2881 aber
402 2824 539 2881 Cato
567 2826 658 2880 fiir
685 2826 777 2881 die
794 2826 942 2897 Klag
944 2843 1016 2881 en
1047 2827 1140 2882 ein
1159 2827 1366 2882 offenes

244 2897 367 2952 Ohr
411 2897 597 2965 hatte,
647 2915 708 2954 so
757 2898 969 2952 konnte
1015 2898 1134 2952 ihm
1170 2916 1265 2952 um
1304 2916 1365 2953 so

240 2969 642 3109 εζῗῗὲὃῖοθῗέἓ
669 2968 1367 3121 uli'ssssieffi‘lhsseiffeffiss

245 3129 347 3164 zur
421 3110 662 3180 Hebung
716 3112 816 3166 des
870 3111 1244 3180 Gegensatzes
1308 3110 1370 3164 in

243 3180 752 3263 superlativischen
803 3180 1107 3252 Wendung
1108 3199 1178 3237 en
1230 3183 1367 3238 hau·

242 3253 343 3393 ‘¹331
349 3251 969 3393 ξῗὲῖῗέἓὶἶῆξιᾶὶῗὲ
976 3200 1367 3408 ἕρᾗξῗὸζῖἓ

243 3395 434 3521 ἓξὲξ
439 3394 930 3547 οῗῖἓὲθζὲἶὲὶἲί
973 3395 1179 3534 5531?
1186 3396 1367 3522 ιῗῗὲὲῗ

244 3535 1367 3692 ffir‘ssffffissffiiwsz2235332023

245 3677 498 3734 Cilicien.
554 3711 621 3719 —
675 3679 853 3752 Quae]
909 3697 1023 3735 was
1070 3681 1202 3750 jene
1255 3699 1367 3737 von

244 3751 355 3804 mir
384 3766 559 3819 sagen
587 3753 827 3806 werden.
882 3754 1117 3820 maiora,
1146 3751 1230 3806 als
1250 3770 1364 3807 was

246 3822 341 3876 ich
372 3821 549 3877 selbst
575 3839 685 3876 von
703 3822 811 3876 mir
829 3839 977 3892 sage.
1000 3853 1068 3862 —
1087 3824 1362 3905 iustiores]

243 3894 468 4020 §m
504 3892 1365 4033 fflssasssssshssdsssseglfialefflffi

243 4033 608 4117 Vollendung
645 4035 830 4090 nichts
857 4036 1018 4104 fehlt,
1057 4051 1169 4091 was
1194 4037 1369 4105 „von--

237 4108 591 4247 Ξῗέῗῖζῐῶιις
624 4122 685 4161 so
710 4107 860 4162 iusta
877 4108 1131 4173 victoria,
1159 4108 1365 4162 iustum

1551 2763 1634 2811 16.
1690 2755 1919 2811 societas
1964 2756 2111 2810 stud.
2156 2758 2318 2823 atque
2360 2754 2593 2825 artium]

1476 2827 1567 2881 die
1606 2824 2082 2881 Gemeinsamkeit
2115 2824 2176 2880 in
2214 2827 2323 2879 den
2361 2825 2597 2880 Studien

1474 2898 1592 2951 und
1615 2898 2112 2967 wissenschaften,
2142 2898 2232 2952 die
2260 2897 2415 2952 Fam.
2445 2896 2592 2953 XIII.

1474 2976 1563 3026 29.
1596 2973 1623 3022 1
1653 2971 1904 3039 genannt
1921 2968 2084 3023 wird:
2112 2969 2393 3023 vinculum
2410 2985 2594 3023 eorum

1472 3041 1783 3096 studiorum
1797 3057 2086 3108 earumque
2099 3042 2325 3109 artium,
2343 3057 2481 3110 quae
2491 3056 2592 3108 per

1474 3128 1529 3166 se
1581 3113 1735 3181 ipsae
1779 3127 1891 3177 εοε,
1946 3112 2044 3181 qui
2089 3112 2366 3167 volumtate
2411 3113 2594 3166 eadem

1473 3187 1621 3251 sunt,
1649 3185 1812 3238 etiam
1843 3183 2231 3250 familiaritate
2258 3183 2591 3239 devinciunt.

1476 3284 1543 3293 —
1588 3255 1695 3309 soli
1733 3297 1745 3309 .
1787 3253 2188 3336 .deduoeimus]
2238 3252 2361 3307 Wir
2406 3268 2593 3307 waren

1474 3325 1590 3380 fast
1616 3326 1706 3379 die
1726 3323 1996 3393 einzigen,
2024 3324 2275 3378 welche
2253 3339 2381 3392 Jene
2403 3323 2592 3377 wahre

1474 3395 1593 3450 und
1637 3396 1753 3451 alte
1792 3394 2180 3476 Philosophie‚
2230 3394 2320 3448 die
2370 3392 2594 3463 einigen

1472 3484 1580 3521 nur
1612 3468 1702 3522 ein
1730 3465 2099 3521 Zeitvertreib
2127 3464 2396 3547 mussiger
2425 3463 2590 3518 Stun-

1475 3538 1587 3592 den
1633 3557 1699 3593 zu
1745 3538 1866 3593 sein
1912 3537 2155 3605 scheint,
2201 3536 2258 3590 in
2307 3536 2399 3590 die
2449 3533 2591 3660 ”Gen

1471 3608 2145 3679 richtsverhandlungen“
2211 3608 2467 3676 (forum),

1473 3680 1566 3735 die
1603 3681 2221 3748 „Staatsverwaltung“
2260 3682 2374 3733 und
2415 3625 2594 3732 selblst

1470 3751 1533 3805 in
1580 3722 1672 3806 d’ie
1720 3750 2191 3832 „Kriegfuhrung‘
2178 3753 2210 3779 “
2268 3749 2593 3819 eingefuhrt

1471 3822 1681 3890 haben3
1729 3823 1781 3876 d.
1821 3823 1877 3876 h.
1916 3821 2019 3876 wir
2053 3822 2239 3876 haben
2275 3821 2367 3875 die
2406 3820 2590 3875 Philo·

1472 3892 1672 3964 sophie
1700 3893 2062 3963 praktischen
2081 3892 2354 3946 Zweeken
2381 3890 2591 3944 dienst·

1474 3967 1573 4019 bar
1623 3965 1902 4034 gemacht.
1962 3996 2028 4004 —
2075 3981 2142 4018 ex
2192 3964 2321 4018 meis
2367 3960 2589 4032 litteris]

1472 4036 1525 4089 d.
1573 4033 1611 4089 i.
1659 4037 1759 4090 der
1805 4034 2063 4090 offizielle
2099 4035 2326 4090 Bericht
2371 4051 2444 4088 an
2481 4034 2591 4088 den

1472 4107 1650 4232 gatlia-t
1713 4107 1851 4161 fiber
1915 4105 2007 4160 die
2061 4105 2466 4175 Kriegsthaten
2529 4103 2591 4159 in

1585 4195 1724 4234 cren.
