3000 4917
1042 163 1103 217 L.
1141 162 1476 219 PAPIRIUS
1513 163 1809 220 PAETUS.

253 327 463 411 pluris
512 346 650 390 esse
697 325 929 389 balbos
976 348 1174 411 quam
1221 326 1496 390 disertos
1542 329 1749 411 putes.

2410 131 2415 137 ’
2473 163 2597 226 147

1839 325 1944 391 Me
2002 327 2233 392 cotidie
2290 326 2464 391 aliud
2520 348 2599 390 ex

256 416 387 480 alio
434 415 732 498 impedit;
782 414 909 496 sed,
956 416 1010 478 si
1058 436 1160 478 me
1208 415 1566 498 expediero,
1610 418 1684 479 ut
1726 416 1798 480 in
1842 416 1973 478 ista
2013 416 2155 481 loca
2198 415 2416 480 venire
2452 438 2598 499 pos-

257 504 401 588 sim,
447 525 580 568 non
618 503 1045 587 committam,
1090 507 1164 568 ut
1198 507 1264 567 te
1302 524 1446 568 sero
1486 525 1526 567 a
1570 525 1675 569 me
1721 504 2058 569 certiorem
2106 504 2346 569 factum
2391 508 2599 588 putes,

1149 749 1512 816 Emszrnm
1558 750 1703 817 VII.

1161 871 1269 942 (Ad
1297 872 1432 927 fam.
1460 871 1558 926 lx.
1591 873 1698 942 ιτ.)

1098 994 1403 1051 CICERO
1462 995 1757 1050 PAETO.

444 1121 595 1188 Non
640 1127 712 1188 tu
756 1123 951 1188 homo
998 1122 1307 1188 ridiculus
1355 1144 1443 1206 eS,
1491 1124 1630 1208 qui,
1676 1145 1822 1188 cum
1870 1122 2117 1188 Balbus
2164 1125 2387 1188 noster
2433 1123 2601 1207 apud
2629 1124 2661 1187 1

256 1217 324 1277 te
390 1211 611 1291 fuerit,
673 1232 750 1275 ex
808 1234 912 1276 me
968 1233 1267 1295 quaeraS‚
1330 1212 1484 1296 quid
1545 1213 1622 1276 de
1675 1213 1822 1278 istis
1877 1213 2250 1298 municipiis
2306 1214 2372 1275 et
2425 1213 2602 1295 agris

256 1301 556 1365 futurum
620 1300 888 1402 putem?
953 1300 1138 1384 quasi
1202 1304 1316 1364 aut
1380 1321 1499 1385 ego
1563 1301 1903 1386 quicquam
1961 1301 2188 1384 sciam,
2254 1300 2425 1385 quod
2476 1301 2601 1365 iste

260 1389 532 1472 nesciat,
579 1392 710 1473 aut,
759 1388 815 1453 si
862 1390 1014 1473 quid
1062 1389 1407 1474 aliquando
1455 1390 1609 1473 scio,
1653 1412 1787 1455 non
1833 1412 1909 1455 ex
1953 1391 2080 1455 isto
2129 1390 2370 1455 soleam
2420 1390 2602 1454 scire.

256 1478 468 1543 Immo
534 1499 715 1562 vem,
782 1477 838 1542 si
903 1499 1006 1541 me
1068 1500 1275 1560 amaS,
1338 1482 1411 1543 tu
1465 1478 1596 1562 fac,
1660 1483 1734 1542 ut
1790 1480 2011 1562 sciam,
2075 1479 2228 1564 quid
2282 1478 2358 1543 de
2410 1478 2600 1543 nobis

254 1568 549 1632 futurum
607 1567 719 1650 sit3
776 1566 1064 1631 habuisti
1120 1568 1292 1631 enim
1347 1567 1416 1630 in
1469 1570 1587 1631 tua
1640 1571 1992 1652 potestate,
2052 1589 2130 1631 ex
2184 1589 2310 1652 quo
2366 1568 2470 1631 vel
2525 1589 2603 1630 ex

256 1657 475 1722 sobrio
523 1656 629 1720 vel
677 1658 848 1719 certe
897 1677 975 1719 ex
1013 1655 1190 1720 ebrio
1230 1656 1392 1720 scire
1429 1677 1675 1738 possea.
1749 1654 1874 1721 Sed
1913 1676 2032 1740 ego
2070 1656 2216 1740 ista,
2261 1656 2351 1720 mi
2388 1655 2636 1739 Paete,-

254 1767 388 1811 non
434 1764 707 1829 quaero:
766 1744 1075 1828 primum,
1133 1744 1284 1829 quia
1338 1743 1415 1807 de
1460 1745 1640 1810 lucro
1686 1767 1890 1831 prope
1936 1745 2067 1809 iam
2115 1744 2606 1830 quadriennium

255 1834 554 1916 vivimus,
600 1834 655 1896 si
705 1836 819 1896 aut
864 1832 988 1898 hoc
1033 1832 1285 1898 lucrum
1332 1838 1432 1897 est
1478 1837 1594 1897 aut
1636 1833 1799 1899 haec
1844 1835 2005 1918 vita,
2053 1833 2469 1916 superstitem
2513 1834 2608 1897 rei

256 1922 554 2006 publicae
609 1922 851 2005 vivere3
918 1921 1173 2005 deinde,
1239 1923 1408 2005 quod
1466 1922 1629 1987 scire
1683 1944 1786 2006 eyo
1843 1944 2092 2007 quoque
2147 1922 2309 1986 mihi
2370 1921 2607 2004 videor,

262 2010 415 2094 quid
462 2009 750 2073 futurum
798 2011 912 2094 sit3
970 2009 1083 2075 fiet
1130 2012 1300 2075 enim
1349 2011 1768 2095 quodcunque
1815 2012 2060 2093 volent,
2115 2011 2225 2096 qui
2279 2010 2608 2094 valebunt,

261 2097 574 2163 valebunt
631 2102 845 2162 autem
904 2120 1159 2183 semper
1212 2121 1410 2164 arma.
1504 2098 1677 2165 Satis
1726 2101 1931 2187 igitur
1973 2100 2162 2165 nobis
2210 2121 2351 2165 esse
2397 2099 2607 2177 debet,

269 2186 580 2271 quidquid
626 2186 1028 2271 conceditur,
1073 2187 1199 2253 hoc
1245 2187 1302 2252 si
1347 2188 1458 2274 qui
1505 2190 1642 2273 pati
1686 2211 1820 2254 non
1865 2190 2108 2273 potuit,
2154 2189 2321 2253 mori
2367 2187 2608 2253 debuit.

262 2274 605 2341 Veientem
666 2275 923 2360 quidem
988 2298 1216 2361 agrum
1283 2280 1348 2342 et
1401 2274 1793 2361 Capenatem
1848 2278 2233 2362 metiuntur3
2293 2277 2419 2341 hoc
2478 2278 2670 2341 non2

260 2366 456 2450 longe
505 2365 695 2430 abest
742 2387 782 2429 a
818 2364 1213 2431 Tusculano.
1260 2366 1428 2431 nihil
1465 2369 1689 2431 tamen
1725 2368 1954 2432 timeo.
1999 2365 2199 2449 fruor,
2245 2365 2398 2430 dum
2434 2365 2611 2448 lieet3

260 2458 437 2540 opto,
477 2457 551 2517 ut
590 2475 845 2538 semper
880 2454 1088 2518 liceat.
1164 2452 1235 2519 Si
1273 2454 1338 2518 id
1378 2455 1592 2520 minus
1630 2455 1994 2556 contigerit,
2027 2458 2267 2538 tamen,
2307 2453 2610 2537 quoniam

260 2564 406 2629 ege,
452 2541 555 2608 vir
596 2542 788 2607 fortis
825 2542 1121 2627 idemque
1158 2543 1609 2645 philosophuS,
1654 2544 1869 2608 vivere
1905 2541 2407 2627 pulcherrimum
2443 2540 2612 2625 duxi,

260 2653 394 2697 non
440 2652 707 2734 possum
763 2653 908 2695 eum
962 2653 1092 2695 non
1153 2632 1450 2717 diligere,
1507 2633 1686 2696 cuius
1740 2631 2053 2696 beneficio
2108 2632 2174 2695 id
2229 2632 2609 2696 consecutus

263 2742 437 2803 sum3
483 2720 592 2804 qui
637 2720 693 2783 si
741 2721 958 2803 cupiat
1005 2741 1143 2785 esse
1189 2742 1323 2784 rem
1372 2720 1719 2804 publicam,
1768 2722 2026 2805 qualem
2069 2720 2349 2785 fortasse
2398 2721 2464 2784 et
2500 2719 2611 2783 ille

265 2916 428 2980 tung.
459 2943 523 2951 —
555 2912 760 2981 balbos]
797 2910 1027 2981 Wortsp
1029 2911 1108 2965 iel
1144 2912 1247 2968 auf
1277 2911 1385 2966 den

263 2982 488 3037 Namen
542 2982 776 3052 Balbus,
833 2982 1101 3037 wahrend
1155 2984 1386 3037 disertos

266 3053 388 3109 sich
426 3051 528 3107 auf
559 3052 749 3108 Cicero
785 3054 1035 3122 bezieht‚
1085 3054 1184 3108 der
1217 3052 1385 3108 keine

265 3124 611 3180 schlechtere
638 3123 911 3179 Mahlzeit
946 3124 1036 3178 fiir
1071 3123 1181 3179 den
1215 3126 1384 3180 diser-

261 3202 381 3251 tum
442 3197 566 3264 (der
620 3197 739 3250 also
794 3196 1157 3251 unterhalten
1210 3195 1384 3264 kann)

263 3267 348 3323 als
386 3265 478 3320 fiir
515 3266 626 3321 den
664 3266 967 3321 Stammler
1003 3265 1382 3322 wunscht.—

259 3338 514 3408 impedit]
559 3356 628 3391 zu
662 3336 865 3392 reisen.
896 3368 964 3377 ——-
992 3354 1106 3393 non
1147 3340 1383 3393 commit-

256 3415 373 3465 tam
426 3408 548 3478 eta]
607 3405 789 3464 damit
833 3408 1006 3463 Patus
1063 3408 1184 3463 sich
1229 3410 1387 3464 nicht

259 3480 369 3534 mit
451 3479 549 3533 der
628 3480 877 3535 Ausrede
961 3478 1385 3549 entschuldigen

259 3551 500 3617 konnte‚
553 3566 614 3603 er
659 3550 806 3605 habe
843 3567 955 3605 von
993 3552 1093 3605 der
1128 3550 1387 3605 Ankunft

262 3621 490 3677 Ciceros
537 3637 605 3674 zu
642 3623 771 3690 spat
807 3620 1079 3677 Kenntnis
1131 3623 1384 3678 erhalten

260 3692 380 3748 und
428 3691 604 3746 daher
648 3690 801 3746 seine
839 3692 1031 3748 Kfiche
1070 3693 1226 3749 nicht
1262 3710 1386 3747 vor-

261 3761 519 3820 bereiten
554 3762 795 3818 konnen.

333 3835 508 3889 Eme-r.
557 3833 678 3888 VII.
727 3838 869 3903 (708.
908 3837 1017 3903 46.)
1074 3833 1186 3889 Der
1230 3833 1390 3887 Brief

260 3907 341 3960 ist
385 3904 660 3961 ebenfalls
704 3906 784 3960 im
831 3907 1053 3975 August
1099 3903 1379 3974 geschrie·

262 3977 388 4033 ben.
454 3978 627 4031 Fatus
655 3976 815 4032 hatte
842 3993 1223 4043 vernommen,
1260 3974 1382 4029 dass

265 4048 438 4104 Casar
490 4048 636 4102 nach
691 4047 877 4102 seiner
926 4046 1231 4102 Ruckkehr
1284 4062 1383 4100 aus

262 4117 466 4173 Afrika
500 4118 1073 4188 Ackerverteilungen
1120 4135 1192 4172 an
1234 4117 1386 4171 seine

267 4190 584 4245 Veteranen
637 4191 981 4245 vornehmen
1027 4190 1215 4254 wolle‚
1272 4189 1387 4243 und

264 4260 565 4326 furchtete‚
605 4261 727 4315 dass
757 4263 901 4315 auch
930 4261 1051 4315 ihm
1080 4259 1250 4315 sowie
1279 4260 1388 4315 den

267 4332 508 4387 Stadten
544 4330 914 4401 Campaniens
942 4319 1130 4386 Acker
1163 4346 1389 4402 genom-

1492 2927 1622 2966 men
1679 2913 1924 2968 wfirden.
2012 2909 2263 2967 Deshalb
2311 2912 2494 2984 fragte
2549 2928 2608 2967 er

1492 2981 1589 3037 bei
1636 2982 1827 3038 Cicero
1885 3001 1982 3052 an,
2038 3000 2152 3038 was
2208 2999 2281 3037 an
2331 2984 2459 3040 dem
2504 2983 2608 3038 Ge-

1491 3056 1689 3109 rtichte
1717 3055 1955 3109 Wahres
1984 3055 2080 3110 sei.
2147 3054 2341 3111 Cicero
2370 3058 2608 3110 antwor-

1490 3126 1578 3179 tet
1630 3125 1773 3194 ihm,
1832 3126 1906 3179 da
1954 3126 2113 3181 hatte
2160 3142 2219 3180 er
2264 3126 2452 3181 besser
2499 3126 2609 3181 den

1491 3196 1728 3263 Balbus,
1775 3196 1861 3252 als
1909 3215 1971 3253 er
2005 3195 2107 3251 ihn
2143 3197 2235 3252 bei
2272 3196 2394 3252 sich
2429 3197 2606 3265 hatte,

1490 3267 1687 3338 fragen
1704 3267 1947 3336 konnen,
1967 3285 2027 3322 er
2038 3267 2213 3322 selbst
2221 3265 2382 3321 wisse
2392 3266 2607 3333 nichts3

1491 3356 1623 3392 man
1676 3343 1863 3393 musso
1917 3341 2144 3408 tragen,
2199 3354 2312 3391 was
2357 3336 2610 3401 komme;

1492 3425 1607 3464 was
1664 3412 1798 3464 aber
1852 3409 2113 3465 kommen
2168 3407 2380 3476 werde,
2444 3407 2609 3461 wisse

1491 3480 1701 3535 keiner.

1567 3557 1614 3605 l.
1670 3552 1938 3622 habuisti]
1996 3567 2069 3606 sc.
2126 3547 2379 3604 Balbum.
2431 3578 2498 3589 —-
2545 3548 2612 3603 dc

1490 3622 1672 3693 nobis]
1721 3640 1858 3690 „uns
1906 3622 2116 3676 selbst“
2172 3622 2251 3675 im
2296 3621 2611 3689 Gegensatz

1493 3711 1562 3746 zu
1608 3695 1674 3747 de
1719 3695 1885 3762 ayris.
1926 3722 1991 3733 —-
2029 3694 2096 3748 de
2142 3692 2316 3762 lucro]
2357 3693 2422 3746 de
2458 3693 2612 3745 lucro

1490 3765 1666 3817 vivere
1694 3764 1791 3818 das
1819 3762 2010 3818 Leben
2037 3765 2136 3816 der
2165 3763 2481 3831 Schonung‚
2512 3760 2611 3813 der

1492 3832 1688 3888 Gnade
1753 3834 1903 3888 eines
1968 3833 2213 3889 anderen
2266 3831 2609 3899 verdanken,

1493 3920 1554 3958 so
1593 3903 1715 3958 dass
1747 3904 1910 3974 jeder
1937 3904 2076 3985 Tag,
2114 3905 2223 3958 den
2255 3918 2386 3957 man
2413 3903 2611 3971 langer

1490 3974 1631 4041 lebt,
1669 3975 1762 4028 ein
1792 3976 2027 4032 Gewinn
2054 3974 2145 4030 ist.
2198 3973 2332 4030 Hor.
2364 3975 2404 4031 Ι.
2435 3980 2483 4029 9.
2517 3979 2609 4029 15:

1493 4062 1647 4114 quem
1705 4046 1850 4101 Fors
1910 4048 2120 4102 dierum
2173 4062 2383 4115 cunque
2435 4047 2609 4115 dabit,

1495 4118 1647 4171 lucro
1693 4119 1938 4187 Appone.
1987 4147 2055 4157 —
2102 4120 2243 4173 mori
2286 4118 2497 4190 debuit]
2552 4119 2612 4172 in

1495 4189 1594 4242 der
1631 4187 1902 4242 Schlacht
1947 4186 2082 4243 oder
2119 4190 2223 4245 wie
2262 4188 2398 4245 Cato
2437 4189 2612 4245 durch

1496 4260 1693 4329 eigene
1732 4259 1912 4314 Hand.

1569 4337 1617 4386 2.
1655 4330 1976 4402 metiuntur]
2024 4330 2267 4386 namlich
2313 4331 2406 4386 die
2452 4328 2611 4384 Feld-

2084 4419 2185 4474 10*
