3000 4917
814 263 820 270 “
935 269 995 327 L.
1031 268 1408 324 MUNATIUS
1446 268 1792 324 PLANCUS.
2402 270 2533 334 229

186 433 496 497 libertate
561 433 786 517 populi
847 432 1126 497 Romani
1191 436 1257 497 et
1320 434 1582 497 senatus
1650 433 2030 498 auctoritate
2108 434 2533 499 coniunxeriS.

189 521 472 605 Seiunge
511 525 601 605 te,
649 543 907 604 quaem,
959 522 1306 606 aliquando
1355 522 1437 586 ab
1480 521 1581 605 iis,
1626 543 1771 585 cum
1810 522 2041 605 quibus
2078 526 2144 586 te
2180 545 2313 587 non
2349 527 2531 588 tuum

185 611 522 693 iudicium,
588 611 699 675 sed
753 613 1119 694 temporum
1174 610 1389 676 vincla
1445 611 1930 677 coniunxerunt.
2033 608 2411 697 Complures
2465 613 2533 676 in
2553 614 2597 677 3

187 699 686 784 perturbatione
730 699 826 764 rei
871 698 1166 783 publicae
1214 699 1582 764 consulares
1631 699 1805 782 dicti,
1852 722 2122 785 quorum
2159 723 2348 765 nemo
2387 723 2534 766 con-

190 789 427 852 sularis
484 788 747 852 habitus
802 794 915 872 est,
972 788 1101 852 nisi
1156 788 1267 872 qui
1324 788 1539 852 animo
1597 788 1849 853 exstitit
1903 789 1971 852 in
2025 811 2162 853 rem
2206 790 2535 874 publicam

189 877 537 942 consulari.
625 877 852 941 Talem
907 878 1110 962 igitur
1164 882 1229 940 te
1285 898 1426 942 esse
1482 882 1769 961 oportet,
1826 879 1934 961 qui
1987 879 2268 961 primum
2326 882 2394 941 te
2451 879 2532 942 ab

188 967 539 1050 impiorum
578 967 813 1031 civium
850 967 948 1030 tui
985 966 1563 1030 dissimillimorum
1595 967 1906 1031 societate
1946 968 2270 1053 seiungaS‚
2305 966 2533 1030 deinde

188 1059 255 1119 te
296 1055 552 1119 senatui
587 1055 904 1140 bonisque
942 1055 1243 1120 omnibus
1283 1059 1630 1139 auctorem,
1675 1055 2049 1139 principem,
2093 1056 2316 1121 ducem
2353 1077 2532 1138 prae-

185 1144 372 1223 beas,
428 1147 757 1227 postremo
813 1149 888 1208 ut
941 1165 1164 1228 pacem
1223 1166 1363 1208 esse
1418 1143 1661 1208 iudices
1718 1166 1847 1208 non
1905 1145 1974 1208 in
2033 1145 2229 1209 armis
2285 1145 2535 1228 positis,

190 1233 300 1298 sed
348 1234 417 1297 in
464 1233 715 1298 abiecto
764 1254 1090 1298 armorum
1138 1237 1203 1296 et
1251 1233 1581 1296 servitutis
1628 1237 1822 1297 metu.
1913 1232 2090 1298 Haec
2149 1234 2204 1297 si
2260 1239 2326 1297 et
2381 1253 2533 1317 ages

190 1329 256 1386 et
294 1322 553 1404 sentim,
589 1325 730 1385 tum
769 1323 895 1386 eris
934 1343 1067 1386 non
1104 1322 1296 1386 modo
1336 1323 1560 1386 consul
1600 1323 1666 1385 et
1704 1323 2083 1405 consularis,
2121 1323 2231 1386 sed
2260 1342 2533 1406 magnus

197 1410 395 1475 etiam
435 1412 661 1475 consul
702 1414 769 1474 et
802 1410 1189 1495 consularis3
1238 1411 1341 1474 sin
1378 1412 1587 1495 aliter,
1634 1415 1773 1475 tum
1810 1412 1879 1474 in
1921 1410 2067 1475 istis
2116 1411 2535 1494 amplissimis

185 1500 559 1564 nominibus
618 1500 938 1564 honorum
1003 1521 1132 1563 non
1199 1499 1388 1564 modo
1454 1500 1738 1583 dignitas
1792 1500 1976 1564 nulla
2031 1501 2180 1582 erit,
2249 1500 2359 1563 sed
2415 1500 2538 1562 erit

191 1610 446 1653 summa
495 1588 889 1654 deformitas.
984 1587 1163 1652 Haec
1209 1588 1527 1671 impulsus
1567 1589 2019 1653 benevolentia
2065 1589 2294 1670 scripsi
2339 1588 2534 1671 paulo

189 1678 495 1755 severius,
542 1699 707 1763 quae
752 1681 826 1742 tu
870 1678 938 1742 in
984 1678 1368 1760 experiendo
1417 1699 1493 1740 ea
1539 1678 1808 1755 ratione,
1856 1699 2019 1761 quae
2063 1682 2128 1741 te
2176 1677 2373 1762 digna
2418 1681 2535 1754 est,

189 1788 347 1831 vera
393 1788 532 1831 esse
580 1787 945 1851 cognosces.
1037 1765 1112 1830 D.
1159 1784 1303 1830 xm.
1350 1764 1494 1830 Kal.
1543 1767 1698 1849 Apr.

1076 2015 1431 2080 EPISTULA
1474 2013 1650 2080 XIV.

1100 2154 1210 2224 (Ad
1247 2155 1378 2209 fam.
1417 2155 1481 2209 x.
1528 2156 1632 2223 ιο.)

984 2276 1310 2333 CICERO
1369 2276 1745 2333 PLANCO.

371 2404 519 2469 Etsi
567 2404 727 2468 satis
774 2425 852 2468 ex
889 2403 1129 2469 Furnio
1176 2409 1401 2469 nostro
1450 2425 1817 2488 cognoram,
1863 2424 2025 2487 quae
2063 2407 2177 2466 tua
2215 2403 2534 2486 voluntas,
2558 2407 2593 2469 1

189 2495 367 2582 quod
421 2493 762 2559 consilium
820 2492 898 2556 de
952 2514 1022 2556 re
1067 2493 1330 2576 publica
1376 2497 1572 2575 esset,
1627 2496 1846 2555 tamen
1889 2492 2020 2556 tuis
2066 2492 2302 2556 litteris
2348 2492 2535 2556 lectis

189 2583 504 2669 liquidius
554 2581 630 2645 de
676 2585 815 2646 toto
864 2603 1057 2646 sensu
1103 2586 1217 2646 tuo
1264 2581 1563 2646 iudicavi.
1644 2579 2099 2662 Quamobrem,
2147 2602 2537 2665 quamquam

196 2675 271 2737 in
317 2694 443 2737 uno
490 2670 737 2755 proelio
788 2671 998 2736 omnis
1045 2670 1309 2735 fortuna
1345 2671 1440 2735 rei
1477 2670 1774 2753 publicae
1811 2669 2207 2752 disceptatur
2243 2704 2331 2714 —
2367 2669 2538 2752 quod

200 2761 484 2847 quidem,
540 2782 687 2824 cum
733 2759 891 2825 haec
938 2760 1216 2844 legeres,
1269 2760 1400 2823 iam
1449 2760 1777 2823 decretum
1831 2758 2199 2823 arbitrabar
2247 2757 2386 2822 fore
2433 2793 2538 2836 -—,

189 2956 292 3011 der
332 2953 507 3021 Ehre‚
553 2951 711 3006 nicht
758 2950 847 3005 die
885 2952 1167 3022 Insignien
1214 2953 1311 3007 der

187 3026 405 3080 Wurde
451 3024 648 3077 haben.
690 3054 757 3062 —
796 3024 864 3077 ab
911 3023 1007 3095 iis]
1056 3041 1165 3078 von
1203 3022 1310 3078 den

188 3094 578 3153 Canarianern.

264 3174 313 3224 3.
363 3165 694 3235 consularis]
752 3165 803 3218 d.
848 3164 885 3219 i.
935 3165 1026 3219 ein
1076 3163 1311 3232 solcher‚

188 3240 291 3295 der
335 3240 415 3292 im
462 3237 692 3290 wahren
738 3235 905 3290 Sinne
956 3237 1052 3290 des
1088 3236 1311 3290 Wortes

187 3311 286 3368 ein
306 3306 587 3363 Konsular
614 3307 705 3374 ist,
735 3305 834 3360 der
861 3306 1312 3362 konsularisches

187 3380 493 3437 Verdienst
538 3378 639 3432 hat
675 3377 788 3432 und
825 3378 982 3431 nicht
1017 3378 1163 3432 bloss
1203 3379 1312 3432 den

191 3453 365 3508 Titel.
435 3449 576 3503 Phil.
625 3447 744 3502 VII.
795 3454 845 3503 2.
884 3454 944 3503 6:
1002 3454 1053 3502 et
1097 3450 1313 3518 quidem

190 3525 458 3579 dic-untur
510 3522 592 3575 vel
628 3521 818 3589 potius
861 3536 916 3574 se
962 3521 1073 3589 ipsi
1117 3522 1314 3575 dicunt

189 3594 531 3650 consulares:
577 3608 682 3659 quo
726 3593 944 3646 nomine
987 3593 1188 3660 diynus
1236 3598 1314 3647 est

188 3681 371 3731 nemO,
406 3665 519 3717 nisi
553 3662 650 3732 qui
685 3663 833 3716 tanti
867 3664 1088 3717 honoris
1118 3681 1313 3717 ‘nomen

180 3742 366 3810 potest
419 3736 701 3789 sustinere.
791 3732 919 3804 Vgl.
975 3734 1075 3787 das
1131 3735 1312 3789 Urteil

187 3809 333 3864 fiber
380 3807 471 3860 die
508 3804 858 3859 Konsularen
902 3810 1074 3858 unten
1112 3804 1204 3857 Br.
1243 3811 1310 3860 26

189 3886 222 3947 5
276 3875 800 3933 lundBr.27.3.
849 3893 1099 3945 ——quae
1143 3877 1315 3930 tuin

190 3947 544 4078 Zffiwgcg]
578 3948 743 4071 &321²
767 3945 1317 4072 {liddieacvlisaklii-iggilt

192 4097 294 4149 des
356 4089 857 4157 vorhergehenden
912 4089 1315 4159 Doppelsatzes

192 4168 271 4234 (si
310 4194 377 4204 -
415 4162 505 4216 sin
540 4160 725 4226 aliter)
775 4178 845 4213 an
884 4160 1002 4213 sich
1039 4159 1197 4214 nicht
1233 4178 1314 4214 er

235 4237 426 4301 ruben,
466 4233 704 4287 sondern
740 4249 844 4285 nur
881 4232 987 4284 den
1026 4229 1188 4286 einen
1216 4231 1315 4285 der

233 4311 386 4371 atze,
437 4303 496 4374 je
546 4301 820 4356 nachdem
870 4320 930 4356 er
976 4302 1057 4356 als
1103 4302 1316 4356 Konsul

190 4382 367 4450 guten
406 4376 538 4430 oder
575 4373 898 4428 schlechten
928 4374 1312 4428 Grundsatzen

188 4449 436 4518 huldigt.
526 4443 603 4498 Er
658 4443 765 4499 soll
821 4445 955 4500 aber
1009 4445 1154 4500 auch
1207 4461 1312 4500 nur

1419 2951 1523 3005 auf
1582 2951 1725 3005 dem
1782 2951 1987 3022 Wege,
2051 2948 2293 3003 welcher
2358 2948 2540 3005 seiner

1419 3021 1639 3090 wiirdig
1695 3022 1791 3089 ist,
1848 3022 2022 3075 durch
2074 3020 2391 3090 Erfahrung
2445 3019 2539 3076 die

1419 3091 1723 3146 Wahrheit
1745 3093 2042 3148 erkennen.
2080 3093 2436 3162 Experiendo
2463 3091 2541 3146 ist

1420 3163 1647 3219 absolut
1681 3163 2006 3233 gebraucht.

1489 3289 1665 3342 Ems‘r.
1703 3287 1850 3343 XIV.
1889 3292 2032 3355 (711.
2070 3292 2180 3356 43.)
2237 3286 2351 3341 Der
2387 3286 2546 3341 Brief

1423 3361 1642 3413 bezieht
1696 3359 1815 3413 sich
1872 3361 1970 3413 auf
2024 3359 2113 3413 ein
2169 3356 2535 3425 offentliches‚

1418 3429 1716 3485 amtliches
1768 3430 2068 3485 Schreiben
2126 3429 2224 3483 des
2278 3429 2540 3495 Plancus,

1420 3502 1520 3556 das
1547 3503 1821 3556 zwischen
1852 3502 1979 3555 dem
2008 3508 2092 3555 20.
2123 3499 2240 3554 und
2268 3505 2353 3554 30.
2387 3501 2540 3554 Mitrz

1418 3574 1479 3626 in
1536 3574 1677 3627 Rom
1739 3573 2064 3642 fibergeben
2124 3572 2352 3626 worden
2404 3588 2538 3627 war.

1418 3643 1525 3698 Die
1553 3643 1748 3698 Worte
1776 3650 1807 3710 ξ
1841 3649 1894 3698 1:
1932 3646 1983 3698 si
2019 3644 2288 3699 consulem
2322 3643 2540 3697 habuis·

1416 3731 1594 3769 semus
1639 3714 1857 3784 wigen,
1922 3715 2043 3770 dass
2091 3715 2191 3768 das
2238 3713 2539 3767 Schreiben

1420 3787 1643 3854 ankam‚
1669 3786 1755 3839 als
1784 3787 1883 3840 der
1913 3786 2122 3840 Konsul
2152 3783 2335 3838 Pansa
2361 3785 2536 3838 schon

1420 3857 1636 3910 Hirtius
1700 3855 1919 3925 gefolgt
1980 3874 2122 3924 war,
2186 3874 2280 3909 um
2338 3856 2542 3909 Brutus

1421 3928 1575 3982 Hilfe
1643 3944 1712 3981 zu
1774 3927 2035 3996 bringen;
2109 3926 2227 3981 dies
2292 3927 2534 3994 geschah

1422 4017 1512 4053 am
1564 4004 1647 4054 19.
1687 3998 1819 4053 oder
1856 4004 1940 4054 20.
1979 4000 2149 4053 Mam.
2222 3996 2359 4051 Dafs
2405 3998 2538 4051 aber

1423 4071 1606 4125 dieses
1668 4069 1829 4123 nicht
1891 4068 2177 4124 erhaltene
2236 4069 2538 4123 Schreiben

1424 4141 1522 4196 des
1568 4141 1832 4209 Plancus,
1887 4140 2127 4194 welches
2175 4138 2368 4193 Cicero
2417 4140 2540 4193 hier

1423 4212 1815 4279 beantwortet‚
1846 4229 1915 4265 an
1945 4213 2051 4265 den
2074 4210 2245 4264 Senat
2263 4210 2542 4280 gerichtet

1422 4301 1564 4350 war,
1609 4282 1760 4352 zeigt
1794 4282 1885 4338 die
1923 4283 2276 4351 Bemerkung
2312 4288 2343 4348 ξ
2382 4288 2409 4336 1
2449 4283 2538 4338 de·

1424 4356 1695 4410 claratum
1730 4360 1859 4409 esset
1896 4355 1968 4409 ab
2003 4359 2197 4409 senatu
2231 4359 2324 4409 etc.

1494 4448 1538 4496 1.
1594 4459 1707 4498 ωηο
1753 4443 1990 4515 proelio]
2052 4460 2122 4498 w.
2178 4442 2272 4497 bei
2323 4442 2543 4498 Mutina
