3000 4917
989 217 1062 272 M.
1103 214 1474 271 TERENTIU
1478 214 1515 270 S
1551 215 1820 272 VARRO.
2453 215 2576 279 161

218 379 471 463 orati03
517 402 688 444 nunc
733 401 885 444 vero
934 379 991 443 si
1036 383 1254 444 essent
1296 378 1509 444 nostri
1563 379 1786 463 potiti,
1841 380 2027 444 valde
2072 379 2580 464 intemperantes

219 469 541 553 fuissent3
587 473 775 534 erant
821 468 991 533 enim
1035 468 1224 533 nobis
1270 468 1558 553 perirati,
1606 468 1793 553 quasi
1839 469 2184 552 quicquam
2230 468 2308 533 de
2353 472 2582 534 nostra

223 559 444 623 salute
499 556 1032 639 decrevissemus,
1092 556 1262 640 quod
1316 579 1451 622 non
1506 557 1678 621 idem
1726 556 1863 621 illis
1910 558 2410 642 censuissemus,
2467 561 2580 622 aut

217 647 417 732 quasi
462 646 686 710 utilius
733 646 826 711 rei
873 646 1168 731 publicae
1214 645 1409 711 fuerit
1454 668 1564 711 eos
1613 645 1812 711 etiam
1860 646 1943 710 ad
1994 647 2350 711 bestiarum
2399 647 2579 713 auxi-

222 737 391 801 lium
439 735 808 820 confugere,
855 757 1046 820 quam
1092 734 1197 799 vel
1244 734 1445 800 emori
1493 736 1593 799 vel
1639 756 1786 799 cum
1833 755 1973 820 spe,
2033 735 2087 800 si
2133 757 2266 800 non
2312 736 2578 819 optima,

221 828 305 889 at
353 823 574 908 aliqua
617 830 863 905 tamen,
909 824 1137 887 vivere.

413 911 529 976 ‘At
583 913 652 976 in
696 912 1078 996 perturbata
1122 934 1191 976 re
1236 912 1498 997 publica
1543 909 1865 977 vivimus'.
1959 912 2115 989 Quis
2161 912 2404 998 negat?
2466 913 2577 977 sed
2598 915 2645 980 4

226 1002 358 1066 hoc
405 1000 683 1065 viderint
726 1001 800 1086 ii,
857 1001 965 1085 qui
1010 1001 1192 1065 nulla
1238 1001 1362 1065 sibi
1408 1000 1699 1066 subsidia
1747 1000 1827 1064 ad
1875 1022 2097 1065 omnes
2144 1002 2318 1066 vitae
2369 1005 2580 1066 status

225 1094 657 1174 paraverunt3
725 1089 851 1155 huc
920 1089 1090 1154 enim
1155 1093 1229 1154 ut
1289 1090 1600 1173 venirem,
1675 1090 1967 1172 superior
2030 1090 2319 1175 longiuS,
2387 1111 2581 1174 quam

221 1178 436 1263 volui,
493 1178 682 1242 fluxit
736 1177 959 1243 oratio,
1051 1176 1214 1243 Cum
1271 1178 1441 1242 enim
1485 1181 1553 1243 te
1601 1199 1857 1262 semper
1900 1199 2208 1263 magnum
2252 1179 2581 1243 hominem

223 1267 547 1350 duxerim,
593 1271 735 1332 tum
778 1267 950 1351 quod
995 1267 1097 1331 his
1143 1267 1639 1352 tempestatibus
1688 1289 1756 1332 es
1802 1289 2001 1351 prope
2050 1268 2229 1332 solus
2275 1269 2345 1332 in
2387 1270 2582 1351 portu

221 1356 606 1440 fructusque
653 1355 985 1420 doctrinae
1029 1356 1305 1440 percipis
1355 1378 1484 1435 eos,
1532 1356 1640 1441 qui
1686 1356 1952 1420 maximi
1990 1362 2160 1440 sunt,
2204 1359 2278 1421 ut
2314 1378 2390 1421 ea
2428 1378 2582 1422 con-

223 1444 474 1511 sideres
512 1466 711 1529 eaque
747 1447 1008 1530 tractes,
1047 1465 1319 1529 quorum
1356 1448 1422 1509 et
1457 1467 1614 1509 usus
1654 1448 1718 1509 et
1754 1444 2100 1509 delectatio
2141 1449 2241 1510 est
2277 1445 2581 1510 omnibus

224 1534 511 1598 istorum
568 1537 634 1598 et
689 1532 852 1598 actis
910 1537 975 1597 et
1028 1532 1476 1617 voluptatibus
1535 1534 2006 1618 anteponenda.
2095 1533 2415 1619 Equidem
2460 1535 2581 1599 hos

227 1622 389 1688 tuos
448 1622 963 1687 Tusculanenses
1030 1621 1168 1687 dies
1232 1623 1444 1686 instar
1508 1644 1646 1687 esse
1701 1622 1873 1687 vitae
1931 1626 2114 1707 puto,
2180 1623 2580 1707 libenterque

232 1712 543 1776 omnibus
591 1733 813 1776 omnes
853 1732 1006 1795 opes
1046 1709 1487 1795 concesserim,
1532 1715 1607 1775 ut
1641 1711 1803 1775 mihi
1837 1710 2031 1775 liceat
2065 1717 2128 1775 vi
2163 1712 2345 1775 nulla
2380 1711 2582 1776 inter-

233 1799 533 1885 pellante
596 1801 725 1865 isto
791 1800 984 1865 modo
1049 1800 1288 1883 vivere3
1356 1799 1527 1883 quod
1589 1822 1711 1865 nos
1775 1821 2024 1884 quoque
2084 1800 2444 1884 imitamur,
2508 1800 2645 1866 ut5

234 1910 618 1972 possumus,
694 1892 759 1953 et
819 1890 890 1952 in
952 1889 1190 1953 nostris
1257 1888 1488 1953 studiis
1548 1887 1982 1953 'libentissime
2052 1889 2583 1973 conquiescimus.

231 1977 397 2054 Quis
446 1978 615 2042 enim
661 1977 788 2042 hoc
831 1999 963 2042 non
1008 1976 1253 2042 dederit
1287 1978 1498 2061 nobie,
1545 1980 1635 2057 ut,
1686 1999 1831 2042 cum
1867 1998 2063 2062 opera
2098 1981 2323 2042 nostra
2367 1978 2584 2062 patria

235 2067 380 2132 sive
416 2088 550 2131 non
587 2066 798 2150 possit
832 2066 932 2130 uti
970 2067 1104 2130 sive
1140 2066 1322 2151 nolit,
1369 2066 1451 2131 ad
1489 2088 1632 2131 eam
1679 2065 1884 2132 vitam
1929 2070 2345 2148 revertamur,
2392 2088 2580 2151 quam

232 2155 436 2220 multi
474 2155 652 2219 docti
687 2155 998 2238 homineS,
1034 2156 1308 2220 fortasse
1346 2177 1479 2221 non
1517 2158 1706 2236 recte,
1753 2156 1863 2220 sed
1900 2158 2120 2220 tamen
2155 2156 2348 2220 multi
2385 2155 2585 2220 etiam

231 2244 335 2308 rei
401 2243 701 2328 publicae
756 2244 1275 2328 praeponendam
1330 2244 1767 2328 putaverunt?
1869 2243 2047 2320 Quae
2110 2244 2313 2328 igitur
2369 2243 2586 2308 studia

232 2353 628 2417 magnorum
688 2332 1026 2397 hominum
1090 2334 1412 2397 sententia
1474 2333 1880 2398 vacationem
1945 2331 2194 2397 habent
2261 2332 2584 2417 quandam

233 2421 491 2507 publici
537 2421 841 2505 muneris,
886 2421 966 2486 iis
1013 2420 1400 2487 concedente
1444 2443 1514 2486 re
1559 2421 1819 2505 publica
1865 2442 1975 2484 cur
2018 2442 2153 2485 non
2196 2419 2582 2485 abutamur?

234 2614 560 2682 (columae),
593 2613 786 2669 Cicero
817 2629 980 2683 sogar
1007 2613 1189 2668 anriet
1213 2616 1360 2679 (ora-

236 2686 360 2754 tio).
404 2715 468 2724 ——
506 2702 656 2740 nunc
698 2684 847 2755 vero]
892 2699 1052 2738 wenn
1101 2685 1182 2739 sie
1222 2684 1362 2754 jetzt

235 2756 392 2810 noch
436 2755 497 2809 in
530 2755 729 2810 Afrika
774 2757 995 2824 gesiegt
1039 2758 1252 2810 hatten.
1294 2787 1361 2795 —-

227 2826 464 2952 potitik
489 2826 734 2880 namh’ch
787 2828 1045 2892 victoria,
1100 2843 1215 2880 was
1261 2843 1361 2880 aus

236 2898 375 2952 dem
467 2896 924 2967 orhergehenden
964 2914 1029 2950 zu
1068 2902 1360 2967 erganzen,

233 2969 502 3023 wiewohl
533 2971 710 3039 potiri
745 2970 860 3023 Att.
898 2966 1016 3022 VII.
1061 2974 1143 3022 12.
1175 2974 1233 3021 3:
1271 2970 1362 3035 ite,

229 3041 337 3111 qui
396 3046 602 3107 tenent,
669 3041 765 3109 qui
820 3040 1144 3109 potiuntur,
1220 3040 1363 3093 auch

239 3110 473 3165 absolut
524 3112 833 3181 gebraucht
876 3111 968 3166 ist.
1008 3142 1075 3151 —
1114 3112 1257 3180 qaod
1296 3140 1361 3150 -—

232 3183 650 3253 censuissemus]
704 3199 818 3237 was
865 3181 966 3235 wir
1011 3183 1171 3236 nicht
1219 3184 1365 3236 auch

236 3254 431 3320 (idem)
490 3253 660 3307 ihnen
713 3254 797 3307 als
851 3269 1047 3308 unsere
1094 3251 1364 3322 Meinung

236 3324 1040 3450 232302323020331552251tzss⁸
1066 3323 1364 3450 &2233

236 3466 357 3520 den
394 3465 731 3521 Oberbefehl
768 3467 995 3535 antrug3
1049 3485 1090 3521 s.
1129 3466 1272 3521 Einl.
1313 3485 1358 3521 z.

240 3538 297 3592 J.
319 3541 405 3591 48.
425 3553 526 3606 pro
545 3537 730 3592 Deiot.
754 3542 836 3591 10.
859 3542 1004 3591 292e
1039 3539 1186 3608 oqui
1200 3539 1360 3607 pacis

239 3611 438 3663 auctor
499 3624 730 3677 semper,
783 3613 913 3677 post
1027 3609 1361 3664 harsalicwm

230 3680 511 3749 proelium
564 3695 757 3733 suasor
809 3680 1035 3745 fuissem
1083 3696 1361 3735 armorum

235 3767 357 3805 non
374 3751 813 3818 deponendorum
830 3751 924 3806 sed
936 3752 1358 3805 abiciendormn.

238 3852 311 3862 —
488 3822 498 3833 '
565 3822 682 3892 um]
731 3820 831 3875 der
866 3819 1217 3889 Elephanten
1264 3822 1361 3876 des

236 3890 460 3962 Konigs
499 3892 661 3947 Juba.

313 3968 364 4017 4.
402 3965 654 4032 superior
691 4005 703 4017 .
743 4004 757 4017 .
794 3962 999 4034 oratio]
1054 3963 1168 4016 ‘ich
1215 3962 1360 4016 habe

238 4035 322 4089 im
360 4034 860 4103 vorhergehenden
897 4035 1061 4088 einen
1097 4034 1363 4103 langeron

239 4105 394 4175 Weg
449 4120 807 4173 genommen,
863 4105 947 4159 als
994 4106 1086 4159 ich
1133 4104 1364 4159 wollte’.

248 4207 319 4217 —
385 4177 513 4245 fluit
584 4177 762 4231 oratio
824 4175 1151 4230 bezeichnet
1215 4177 1369 4229 sonst

245 4247 376 4302 eine
448 4246 782 4301 fehlerhafte
842 4246 1210 4315 Eigenschaft
1272 4246 1369 4301 des

248 4317 406 4387 Stilo,
432 4344 499 4365 ==
521 4317 835 4387 einformig,
864 4310 1176 4388 ἆρᾆθμος,
1205 4335 1367 4372 wenn

245 4390 340 4444 die
396 4389 553 4444 Rede
616 4389 820 4443 keinen
872 4389 1187 4458 Rhythmus
1253 4390 1366 4445 hat.

354 4487 543 4529 Ciceros
573 4498 772 4537 ausgew.
797 4488 965 4530 Briefe.

1467 2613 1553 2666 De
1591 2628 1669 2666 or.
1708 2612 1803 2668 ΙΙΙ.
1842 2618 1926 2666 49.
1961 2617 2088 2679 1903
2128 2611 2219 2668 Or.
2250 2617 2335 2667 65.
2366 2618 2486 2666 220.
2518 2642 2584 2651 -

1467 2684 1609 2755 tum]
1660 2685 1738 2737 Zu
1783 2689 1899 2738 tum
1943 2684 2020 2739 ist
2058 2700 2158 2738 aus
2197 2683 2325 2737 dem
2362 2683 2586 2738 vorher-

1470 2755 1761 2824 gehenden
1810 2754 2127 2825 Satzgliede
2182 2753 2283 2808 das
2340 2755 2585 2824 gemein-

1469 2841 1621 2880 same
1674 2823 1921 2880 Verbum
1980 2826 2167 2893 (duxi)
2232 2824 2292 2879 in
2351 2826 2588 2881 anderer

1468 2897 1635 2951 Form
1649 2898 1829 2967 (duco)
1850 2913 1918 2951 zu
1936 2902 2226 2966 erganzen.
2247 2896 2586 2967 (syllepsis)

1468 2967 1689 3036 ngIII.
1706 2972 1755 3022 5.
1769 2974 1800 3022 3
1814 2990 1827 3021 z
1843 2969 1988 3023 mm
2007 2969 2172 3038 loqui.
2193 2999 2260 3008 —
2279 2985 2413 3023 usus
2431 2974 2481 3022 et
2499 2971 2585 3024 de·

1471 3038 1712 3109 lectatio]
1742 3038 1871 3093 dem
1896 3038 2200 3109 folgenden
2220 3040 2357 3095 actis
2377 3039 2586 3106 (Gross-

1471 3111 1690 3179 thaten)
1762 3115 1814 3164 et
1884 3112 2088 3180 volupt.
2160 3112 2584 3181 entsprechend.

1469 3168 1623 3235 Uber
1669 3180 1769 3236 das
1808 3182 2018 3251 fippige
2055 3181 2245 3236 Leben
2283 3183 2382 3235 der
2421 3181 2586 3237 Casa-

1470 3251 1658 3307 rianer
1711 3269 1753 3307 s.
1810 3251 1862 3307 d.
1917 3252 2104 3307 Briefe
2159 3270 2232 3307 an
2286 3252 2478 3307 Patus.
2517 3282 2586 3294 ——

1474 3324 1695 3378 Tuscul.
1734 3325 1862 3378 dies.
1942 3324 2031 3377 die
2077 3324 2230 3392 Tage
2277 3322 2369 3377 die
2407 3322 2585 3378 Varro

1470 3394 1572 3448 auf
1622 3393 1830 3450 seinem
1927 3394 2254 3449 usculanum
2305 3395 2413 3447 mit
2458 3395 2584 3449 Stu-

1468 3466 1598 3520 dien
1636 3467 1993 3535 zugebracht.
2370 3528 2377 3535 ,

1541 3543 1590 3591 5.
1621 3544 1671 3592 6.
1713 3539 1875 3592 multi
1900 3538 2046 3591 docti
2070 3536 2148 3607 h.]
2178 3536 2323 3589 ohne
2352 3541 2419 3604 et,
2454 3535 2585 3591 weil

1468 3609 1616 3662 docti
1659 3609 1797 3663 hom.
1836 3626 1904 3661 zu
1950 3607 2167 3661 einem
2208 3606 2424 3677 Begriff
2463 3624 2584 3662 ver-

1466 3678 1710 3734 bunden.
1769 3710 1836 3719 —
1893 3679 2227 3734 vacationem
2266 3720 2278 3732 .
2317 3677 2583 3750 muneris]

1480 3751 1710 3805 Vacato'o
1746 3750 1823 3804 ist
1861 3750 1961 3804 das
1998 3748 2396 3818 rechtmal'sige
2434 3750 2584 3804 Frei-

1468 3821 1593 3874 sein
1640 3836 1751 3875 von
1806 3823 1998 3875 etwaS.
2073 3819 2138 3873 D.
2176 3837 2229 3875 n.
2270 3821 2320 3875 d.
2361 3826 2446 3874 20.
2488 3826 2582 3875 58:

1468 3892 1590 3946 Nos
1626 3893 1836 3947 beatam
1870 3894 2042 3945 vitam
2075 3892 2140 3945 in
2176 3892 2351 3946 animi
2382 3893 2586 3946 securi-

1469 3968 1581 4016 tate
1624 3968 1674 4017 et
1708 3964 1772 4017 in
1807 3965 2048 4018 omnium
2082 3964 2367 4017 vacatione
2401 3979 2585 4017 mwne-

1468 4050 1594 4088 rum
1639 4034 1918 4102 ponimm.
1976 4034 2087 4088 Der
2133 4033 2267 4088 Sinn
2320 4033 2396 4087 ist
2439 4033 2586 4089 also:

1475 4104 1580 4158 Die
1627 4103 1859 4158 Studien
1915 4103 2220 4159 entbinden
2269 4122 2371 4158 uns
2423 4120 2590 4176 sogal·

1473 4175 1619 4229 nach
1666 4175 1792 4229 dem
1838 4176 2053 4230 Urteile
2098 4174 2311 4244 grosser
2357 4175 2590 4230 Manner

1476 4245 1737 4318 (Platop.
1760 4248 1832 4311 a.)
1873 4262 1984 4300 von
2021 4246 2118 4300 der
2145 4245 2360 4315 Pflicht,
2392 4247 2589 4301 offent-

1474 4316 1623 4371 liche
1661 4318 1858 4371 Amter
1894 4333 1962 4369 zu
1997 4316 2329 4385 verwalten‚
2376 4335 2589 4372 warum

1476 4388 1671 4461 sollen·
1701 4387 1802 4442 wir
1845 4405 1949 4442 uns
1995 4388 2112 4443 also
2149 4388 2257 4442 mit
2292 4386 2591 4443 Genehmi-

2098 4483 2161 4531 11
