3000 4917
452 216 758 272 SERVIUS
798 215 1169 273 SULPICIUS
1206 216 1461 272 RUFUS.
1539 216 1594 271 C.
1636 216 1906 272 MATIUS
1947 216 2306 272 CALVENA.
2421 217 2549 280 207

198 378 585 462 Scriberem,
630 400 825 464 quam
872 379 938 442 id
976 380 1358 444 beneficium
1397 381 1558 443 bene
1599 379 1767 464 apud
1805 379 2181 445 Mescinium
2220 380 2615 464 positurus4

195 491 402 547 essee,
458 469 585 533 nisi
643 472 709 532 et
763 474 826 532 te
887 469 1045 533 scire
1102 468 1486 532 confiderem
1544 472 1608 532 et
1663 469 1822 532 mihi
1867 472 2180 552 peterem3
2237 470 2330 532 sic
2377 469 2550 533 enim

192 559 398 622 velim
459 557 811 639 existimes,
869 579 1001 621 non
1057 558 1268 620 minus
1331 579 1432 620 me
1490 556 1568 620 de
1623 556 1796 621 illius
1857 579 1927 621 re
1981 558 2296 639 laborare,
2357 579 2553 641 quam

188 648 416 730 ipsum
462 646 539 710 de
588 667 730 730 sua;
787 644 897 710 sed
946 667 1090 709 cum
1136 646 1318 708 illum
1367 644 1594 709 studeo
1642 667 1835 729 quam
1880 645 2190 710 facillime
2237 646 2317 710 ad
2364 668 2553 710 suum

191 735 561 819 pervenire,
614 737 755 798 tum
811 734 967 798 illud
1024 735 1279 817 labor0,
1339 738 1413 798 ut
1457 756 1589 798 non
1638 735 1975 798 minimum
2020 735 2143 799 hac
2191 756 2337 798 mea
2382 756 2550 799 com-

193 823 615 888 mendatione
665 844 733 886 se
780 826 1195 887 consecutum
1245 822 1616 887 arbitretur.

1025 1015 1383 1081 Ems'rnLA
1428 1015 1725 1081 XXXIX.

1049 1135 1159 1207 (Ad
1185 1136 1318 1192 fam.
1350 1136 1495 1190 xm.
1528 1143 1614 1192 28.
1634 1139 1709 1205 b.)

932 1260 1238 1316 CICERO
1287 1260 1595 1315 SERVIO
1646 1260 1816 1315 SAL.

381 1367 517 1434 Nec
558 1367 1098 1433 Lacedaemonios
1138 1369 1429 1433 dubitare
1469 1369 1768 1451 arbitror,
1813 1369 1971 1453 quin
2018 1370 2141 1453 ipsi
2191 1391 2308 1433 sua
2353 1370 2549 1434 maio·
2577 1374 2610 1437 1

191 1479 472 1542 rumque
512 1479 776 1529 suorum
816 1459 1199 1523 auctoritate
1239 1457 1401 1522 satis
1439 1457 1877 1522 commendati
1918 1459 2050 1522 sint
2084 1458 2233 1522 fidei
2270 1460 2335 1521 et
2370 1459 2553 1522 iusti-

189 1547 332 1612 tiae
380 1550 555 1628 tuae,
602 1551 668 1611 et
714 1567 862 1631 eg0,
910 1547 1017 1631 qui
1062 1549 1127 1610 te
1175 1546 1418 1629 optime
1463 1546 1816 1628 novissem,
1860 1568 1991 1610 non
2041 1545 2348 1629 dubitavi,
2396 1548 2553 1631 quin

191 1636 327 1700 tibi
363 1636 707 1699 notissima
754 1638 819 1699 et
854 1634 995 1698 iura
1033 1637 1098 1698 et
1141 1634 1374 1698 merita
1409 1635 1801 1717 populorum
1839 1639 2075 1699 essent.
2141 1634 2368 1719 Itaque
2408 1657 2555 1699 cum

194 1747 240 1790 a
285 1747 390 1788 me
437 1727 686 1807 peteret
721 1723 1062 1806 Philippus
1101 1722 1670 1805 Lacedaemonius,
1714 1727 1788 1785 ut
1833 1723 1954 1787 tibi
2002 1723 2335 1788 civitatem
2384 1745 2553 1787 com-

194 1813 599 1895 mendarem,
636 1812 759 1876 etsi
798 1813 1217 1875 memineram
1257 1833 1359 1875 me
1396 1812 1458 1875 ei
1495 1811 1748 1875 civitati
1787 1811 2005 1875 omnia
2042 1812 2295 1890 debere,
2332 1816 2554 1877 tamen

193 1901 507 1985 respondi
564 1901 1122 1966 commendatione
1178 1898 1726 1964 Lacedaemonios
1783 1900 1953 1983 apud
2018 1904 2082 1964 te
2148 1923 2277 1964 non
2344 1921 2551 1984 egere.

193 1991 434 2073 Itaque
473 1990 566 2054 sic
602 1990 795 2054 velim
833 1988 1181 2072 existimeS,
1217 2010 1321 2053 me
1351 2011 1575 2053 omnes
1609 1989 1890 2053 Achaiae
1920 1989 2218 2053 civitates
2250 1989 2550 2054 arbitrari
2573 1992 2619 2056 2

195 2101 321 2163 pro
358 2079 592 2143 horum
628 2084 999 2163 temporum
1034 2077 1523 2161 perturbatione
1562 2077 1799 2161 felices,
1848 2078 2019 2161 quod
2056 2078 2136 2142 iis
2174 2082 2247 2142 tu
2285 2077 2552 2162 praesis,

197 2167 601 2251 eundemque
650 2189 750 2231 me
797 2168 891 2231 ita
936 2166 1270 2245 iudicasse,
1316 2170 1401 2253 te,
1448 2167 1617 2250 quod
1663 2189 1828 2230 unus
1877 2167 2120 2250 optime
2160 2188 2386 2231 nosses
2424 2189 2556 2231 non

196 2260 431 2321 nostra
469 2257 678 2319 solum
717 2255 827 2319 sed
867 2255 1064 2319 etiam
1096 2253 1402 2320 Graeciae
1431 2261 1857 2319 monumenta
1893 2255 2133 2337 omnia,
2169 2258 2286 2319 tua
2323 2260 2555 2339 sponte

201 2345 487 2410 amicum
534 2343 1059 2408 Lacedaemoniis
1107 2348 1173 2408 et
1219 2365 1358 2408 esse
1406 2348 1473 2407 et
1517 2344 1674 2408 fore.

385 2433 596 2508 Quare
643 2437 899 2496 tantum
960 2456 998 2496 a
1050 2440 1117 2495 te
1174 2436 1352 2516 peto,
1407 2435 1510 2514 ut,
1567 2454 1711 2495 cum
1760 2453 1837 2494 ea
1882 2430 2080 2495 facies
2128 2430 2553 2495 Lacedaemo-

197 2522 460 2586 niorum
507 2543 728 2603 causa,
775 2542 937 2605 quae
985 2528 1101 2586 tua
1145 2519 1332 2602 fides,
1380 2519 1771 2602 amplitudo,
1816 2520 2071 2582 iustitia
2117 2518 2434 2603 postulat,
2481 2525 2555 2583 ut

199 2611 308 2693 iis,
355 2611 412 2674 si
458 2610 582 2674 tibi
626 2610 971 2691 videbitur,
1019 2609 1344 2693 significes
1391 2612 1457 2673 te
1504 2629 1637 2672 non
1682 2608 1954 2672 moleste
1999 2608 2197 2689 ferre,
2242 2606 2410 2689 quod
2458 2608 2553 2670 in-

201 2698 478 2784 tellegas
517 2720 613 2780 ea,
650 2720 815 2782 quae
853 2698 1074 2781 faciae,
1116 2697 1278 2760 mihi
1316 2718 1568 2781 quoque
1608 2699 1798 2782 grata
1834 2717 2005 2780 esse3
2049 2695 2336 2780 pertinet
2381 2696 2553 2759 enim

202 2787 287 2851 ad
345 2787 628 2851 officium
684 2809 899 2850 meum
957 2808 1067 2851 eos
1125 2786 1495 2850 existimare
1557 2806 1743 2850 curae
1798 2782 1959 2848 mihi
2016 2806 2164 2847 suas
2232 2805 2335 2847 res
2397 2806 2554 2848 esse.

199 2875 351 2940 Hoc
397 2878 463 2939 te
511 2874 926 2939 vehementer
974 2874 1169 2938 etiam
1218 2879 1411 2958 atque
1459 2874 1657 2937 etiam
1705 2892 1882 2956 rogo.

909 3208 977 3275 C.
1024 3206 1353 3273 MATIUS
1402 3205 1851 3273 CALVENA.

386 3340 589 3399 Durch
635 3339 920 3399 Edelmut
963 3338 1086 3396 und
1133 3335 1432 3396 Offenheit
1477 3337 1591 3396 wie
1638 3337 1828 3396 durch
1870 3337 2136 3412 Bildung
2180 3337 2375 3412 gleich
2421 3354 2555 3395 aus-

203 3429 574 3506 gezeichnet‚
637 3428 808 3486 hatte
867 3426 929 3487 C.
987 3426 1207 3485 Matius
1274 3426 1368 3485 die
1433 3425 1873 3485 Freundschaft
1929 3424 2144 3484 Casars
2209 3444 2554 3503 gewonnen‚

205 3519 348 3576 dem
395 3536 460 3575 er
502 3516 565 3574 in
611 3514 1020 3591 aufrichtiger‚
1063 3515 1599 3592 uneigenniitziger
1644 3514 1826 3573 Liebe
1873 3514 2174 3589 zugethan
2218 3532 2360 3574 war.
2442 3514 2557 3570 Mit

280 3673 332 3722 4.
372 3667 498 3722 bene
516 3666 853 3736 positurum]
886 3666 985 3719 der
1009 3665 1331 3721 Geschafts-
1441 3664 1886 3719 Zwischensatze
1913 3664 2259 3719 wiederholt.
2297 3663 2338 3718 Ι.
2364 3669 2446 3719 18.
2468 3668 2553 3719 38.

204 3738 442 3808 sprache
497 3739 648 3807 (vom
697 3736 894 3805 Gelde)
942 3736 1213 3791 entlehnt.
1263 3768 1328 3776 —-
1439 3768 1504 3776 —
1528 3740 1578 3791 te
1595 3752 1708 3790 non
1726 3737 1936 3790 moleste
1948 3736 2089 3802 ferre
2107 3736 2273 3806 quod]
2300 3752 2358 3789 es
2375 3735 2454 3789 sei
2469 3735 2557 3788 dir

203 3811 281 3864 ad
319 3809 503 3879 suum]
543 3826 608 3861 zu
647 3809 859 3862 seinem
897 3805 1217 3876 Eigentum.
1437 3807 1595 3860 nicht
1620 3807 2027 3875 unangenehm,
2067 3825 2134 3859 zu
2169 3807 2369 3860 wissen
2399 3848 2411 3860 .
2444 3847 2456 3859 .
2487 3832 2555 3845 —-

277 3878 457 3934 Ems‘r.
498 3878 745 3933 XXXIX.
785 3881 929 3948 (708.
968 3879 1080 3946 46.)
1427 3879 1671 3947 pertinet
1697 3878 1772 3931 ad
1798 3877 2044 3943 officium
2070 3875 2189 3947 ete]
2220 3878 2459 3946 pertinet
2488 3900 2556 3920 =

282 3956 326 4004 1.
385 3950 706 4019 Philippus]
774 3952 934 4004 sonst
986 3949 1327 4003 unbekannt.
1438 3965 1533 4015 „es
1562 3948 1716 4002 steht
1740 3946 1801 4000 in
1830 3947 2197 4016 Verbindung
2225 3948 2384 4013 mit,“
2415 3955 2557 4014 pert.

204 4053 274 4062 -
304 4038 385 4075 me
415 4051 482 4061 —
511 4021 718 4091 debere]
761 4020 886 4074 Wir
923 4019 1123 4074 wissen
1150 4019 1325 4087 nicht,
1435 4020 1512 4074 ad
1547 4021 1635 4087 off.
1677 4043 1743 4064 ==
1781 4018 1931 4072 mein
1967 4015 2385 4086 Pfliohtgeffiffl,
2423 4018 2477 4071 d.
2516 4019 2554 4069 i.

203 4091 330 4147 dass
388 4093 693 4147 besondere
748 4091 1145 4160 Beziehungen
1199 4089 1327 4144 zwi-
1435 4090 1536 4144 das
1592 4088 1984 4151 Bewusstsein.
2050 4087 2174 4143 dass
2238 4089 2330 4142 ich
2383 4088 2555 4142 ihnen

203 4162 382 4218 schen
431 4161 624 4217 Cicero
670 4163 786 4216 und
833 4162 944 4216 den
990 4160 1327 4216 Lacedamo-
1436 4159 1793 4230 verpflichtet
1810 4159 1924 4227 bin,
1944 4158 2554 4213 lasstmichwfinschen

201 4235 368 4289 niern
407 4234 715 4289 bestanden
752 4234 953 4287 haben.
1436 4250 1490 4284 u.
1531 4248 1572 4286 e.
1611 4248 1678 4285 w.

278 4311 329 4359 2.
361 4304 732 4374 monumenta]
765 4302 1186 4368 Schriftwerke3
1220 4319 1261 4355 e.
1285 4320 1328 4355 z.
1840 4341 2157 4348 ——

203 4376 300 4430 III.
342 4381 426 4431 25.
469 4382 516 4430 3.
573 4406 637 4416 -
688 4380 753 4429 ut
786 4375 883 4445 iis]
921 4378 985 4428 ut
1019 4373 1164 4427 nach
1203 4373 1331 4426 dem
