3000 4917
990 239 1056 292 A.
1093 235 1405 292 LICINIUS
1444 237 1776 293 CAECINA.

2428 237 2551 302 187

208 401 323 466 tm*
380 421 418 463 a
475 421 579 463 me
634 399 975 484 diligenter
1024 405 1087 465 et
1133 401 1494 466 custoditur
1538 401 2052 485 diligentissime.
2141 401 2268 466 Res
2316 405 2383 466 et
2427 400 2553 464 for-

206 491 407 552 tunae
472 492 622 552 tuae
684 488 843 553 mihi
908 491 1224 554 maximae
1289 511 1477 553 curae
1545 494 1721 572 sunt,
1787 512 1948 573 quae
2006 490 2263 575 quidem
2321 490 2553 555 cotidie

207 576 538 641 faciliores
596 577 755 643 mihi
813 582 878 642 et
923 579 1223 643 meliores
1269 579 1595 663 videntur,
1650 579 2000 663 multisque
2047 579 2233 643 video
2281 600 2554 663 magnae

212 687 359 730 esse
406 688 616 751 curae,
661 689 931 770 quorum
980 668 1057 732 de
1103 668 1319 732 studio
1367 670 1433 732 et
1479 667 1557 730 de
1606 689 1721 731 sua
1768 689 1880 750 spe
1928 668 2130 731 filium
2179 668 2257 732 ad
2305 672 2370 731 te
2416 690 2555 751 per—

214 755 555 856 scripsisse
602 760 776 820 certo
825 757 986 860 scio;
1035 757 1115 821 iis
1163 760 1377 820 autem
1428 756 1507 819 de
1546 757 1756 841 rebus»,
1801 777 1958 840 quas
1998 758 2369 821 coniectura
2406 777 2551 821 con·
2574 759 2615 821 2

209 845 399 927 sequi
464 866 833 929 possumus,
898 867 1029 909 ιιοιι
1094 845 1253 909 mihi
1318 867 1531 925 sumo,
1595 848 1669 908 ut
1732 846 1879 928 plus
1943 845 2081 930 ipse
2145 846 2553 929 prospiciam,

211 954 412 1016 quam
457 941 524 996 te
569 934 785 997 videre
829 938 1022 1019 atque
1061 934 1434 1018 intellegere
1473 933 1635 998 mihi
1671 934 2120 1017 persuaserim,
2167 935 2278 998 sed
2316 939 2554 1017 tamen,

211 1021 368 1105 quia
420 1022 561 1085 fieri
614 1026 858 1106 potest,
912 1026 986 1086 ut
1038 1028 1111 1088 tu
1158 1045 1233 1087 ea
1277 1023 1753 1106 perturbatiore
1801 1023 2017 1087 animo
2063 1024 2340 1107 cogiteS,
2395 1025 2552 1105 puto

213 1131 361 1175 esse
407 1133 647 1192 meum,
695 1110 847 1194 quid
894 1112 1198 1195 sentiam,
1243 1133 1580 1195 exponere.

391 1199 492 1263 Ea
527 1204 764 1263 natura
798 1221 1013 1264 rerum
1052 1207 1153 1265 est
1190 1204 1255 1264 et
1290 1201 1345 1264 is
1380 1204 1748 1283 ,temporum
1787 1222 2028 1284 cursus,
2065 1204 2138 1264 ut
2172 1222 2306 1264 non
2343 1199 2551 1283 possit

204 1288 339 1351 ista
395 1292 510 1352 aut
563 1289 687 1352 tibi
742 1294 854 1353 aut
910 1290 1137 1353 ceteris
1189 1289 1454 1353 fortuna
1502 1311 1642 1354 esse
1691 1289 1994 1353 diuturna
2037 1310 2244 1372 neque
2288 1289 2550 1353 haerere

209 1377 281 1440 in
328 1381 470 1440 tam
516 1377 688 1441 bona
733 1399 926 1442 causa
964 1382 1029 1442 et
1062 1378 1135 1442 in
1169 1382 1308 1443 tam
1345 1378 1532 1443 bonis
1574 1379 1819 1443 civibus
1858 1384 1993 1442 tam
2033 1379 2263 1442 acerba
2300 1377 2551 1441 iniuria.

207 1464 398 1529 Adde
457 1487 597 1530 eam
653 1488 860 1549 spem,
927 1488 1122 1550 quam
1186 1471 1368 1531 extra
1425 1468 1715 1532 ordinem
1773 1468 1849 1530 de
1903 1471 1968 1531 te
2023 1468 2165 1551 ipso
2221 1466 2611 1548 habemus,3

205 1575 346 1617 non
392 1554 603 1618 solum
648 1560 912 1639 propter
960 1556 1341 1640 dignitatem
1391 1560 1454 1620 et
1494 1556 1806 1621 virtutem
1842 1559 2024 1620 tuam
2067 1591 2142 1602 -
2183 1554 2341 1619 haec
2381 1556 2550 1619 enim

206 1647 592 1707 ornamenta
648 1648 799 1708 sunt
852 1644 974 1708 tibi
1032 1645 1230 1708 etiam
1287 1666 1431 1709 cum
1499 1644 1644 1709 aliis
1709 1645 2075 1708 communia
2138 1681 2242 1726 —,
2308 1644 2554 1707 accedit

205 1734 324 1794 tua
379 1732 728 1815 praecipua
791 1738 1056 1817 propter
1120 1732 1423 1797 eximium
1487 1734 1820 1816 ingenium
1889 1734 2358 1816 [summamque
2424 1734 2550 1797 elo-

208 1821 607 1903 quentiam]‚
679 1822 781 1885 cui
853 1821 1248 1886 mehercules
1322 1821 1457 1904 hic,
1531 1823 1711 1886 cuius
1785 1823 1851 1885 in
1918 1825 2241 1904 potestate
2314 1842 2553 1904 sumus,

207 1909 490 1972 multum
546 1910 792 1973 tribuit.
883 1909 1110 1994 Itaque
1165 1932 1245 1973 ne
1291 1914 1602 1993 punctum
1651 1909 1907 1994 quidem
1955 1909 2265 1994 temporis
2310 1911 2379 1972 in
2424 1910 2553 1973 ista

206 1996 475 2061 fortuna
518 1998 780 2082 fuisseS‚
823 2000 951 2062 nisi
998 2021 1073 2064 eo
1119 2000 1262 2082 ipso
1309 2000 1478 2065 bono
1526 2005 1667 2082 tuo,
1715 2021 1841 2083 quo
1889 1999 2259 2080 delectatur,
2308 2020 2375 2062 se
2422 1999 2555 2062 vio-

205 2086 413 2149 latum
443 2090 761 2170 putasset3
800 2088 969 2171 quod
997 2088 1210 2171 ipsum
1239 2090 1481 2153 lenitur
1510 2088 1765 2169 cotidie,
1804 2088 2332 2172 significaturque
2360 2087 2552 2151 nobis

206 2175 291 2237 ab
350 2175 459 2258 iis,
515 2177 626 2260 qui
682 2177 874 2240 simul
921 2198 1064 2240 cum
1114 2199 1188 2241 eo
1236 2178 1491 2261 vivunt,
1547 2177 1668 2241 tibi
1714 2178 1882 2241 hanc
1927 2178 2136 2261 ipsam
2183 2177 2552 2261 opinionem

205 2263 457 2347 ingenii
505 2265 674 2348 apud
720 2265 900 2340 illum
944 2266 1290 2349 plurimum
1329 2268 1753 2349 profuturam.
1828 2265 2235 2350 Quapropter
2270 2267 2616 2349 primum4

287 2499 334 2547 1.
365 2498 414 2546 2.
452 2491 563 2547 Res
591 2498 641 2546 et
665 2493 820 2564 fort]
849 2510 932 2548 res
961 2499 997 2547 t.
1030 2493 1191 2547 deine
1221 2496 1329 2546 An-

205 2563 666 2632 gelegenheiten‚
714 2565 843 2618 dein
879 2564 1177 2632 Interesse,
1218 2565 1329 2632 for-

209 2641 380 2689 twnae
427 2661 494 2679 =
534 2606 839 2691 Schicksal.
880 2667 945 2675 —
984 2652 1092 2691 esse
1140 2635 1329 2706 curae]

209 2706 396 2760 Wenn
424 2706 562 2759 zwei
580 2705 959 2761 Relativsatze
977 2709 1083 2762 mit
1111 2707 1217 2760 ein
1231 2723 1260 2759 e
1273 2724 1330 2759 m

213 2776 549 2832 Substantiv
577 2777 899 2832 verbunden
921 2778 1160 2844 werden,
1188 2776 1329 2831 wird

208 2848 311 2901 das
367 2847 567 2902 zweite
611 2849 837 2904 Relativ
882 2850 1026 2903 auch
1072 2820 1164 2903 bei
1211 2865 1329 2902 ver-

208 2918 547 2973 schiedenen
589 2920 770 2973 Kasus
817 2937 917 2973 aus
960 2919 1201 2986 classen,
1242 2919 1325 2989 je-

206 2990 354 3044 doch
401 2993 558 3044 sonst
605 3008 710 3043 nur
746 2990 836 3044 bei
876 2991 922 3044 G
950 2962 1201 3044 eichheit’
1230 2992 1330 3042 der

204 3060 445 3115 Formen
475 3077 554 3130 so,
582 3060 703 3114 dass
734 3078 832 3115 aus
852 3059 981 3114 dem
1002 3059 1326 3114 Nominativ

203 3132 307 3186 der
351 3103 659 3185 Accusativ
715 3150 785 3185 zu
843 3133 1179 3186 entnehmen
1231 3131 1322 3184 ist

208 3201 542 3268 (Vielleicht
576 3204 655 3256 ist
688 3202 793 3257 mit
811 3189 1155 3281 llbergang'
1139 3219 1198 3255 in
1228 3202 1327 3255 das

208 3272 730 3328 Demonstrativum
777 3292 842 3327 zu
890 3270 1181 3328 schreiben
1214 3288 1327 3326 ma-

207 3362 355 3414 ynae
401 3361 510 3399 eas
550 3361 658 3399 esse
692 3347 895 3412 cwrae.)
933 3375 1003 3385 -—
1039 3345 1111 3398 iis
1146 3349 1327 3398 autem

205 3418 274 3470 de
300 3416 486 3486 rebus]
524 3414 637 3468 Der
668 3415 818 3470 Sohn
854 3416 1164 3470 berichtete
1190 3414 1329 3469 fiber

206 3485 302 3540 die
340 3487 743 3554 Bemfihungen
790 3487 889 3540 der
923 3487 1174 3540 Freunde
1217 3484 1327 3539 und

204 3558 345 3611 fiber
390 3558 543 3611 seine
589 3556 897 3626 Hoffnung,
952 3556 1142 3611 Cicero
1188 3557 1328 3611 iiber

205 3627 298 3681 die
324 3627 678 3695 Aussichten,
715 3629 928 3683 welche
966 3627 1056 3682 die
1087 3627 1330 3681 Zukunft

203 3698 413 3764 bietct,
485 3698 574 3752 die
638 3716 743 3753 nur
807 3697 927 3769 Geg
929 3699 1167 3753 eustand
1232 3699 1330 3751 der

205 3768 563 3838 Vermutung
628 3770 769 3824 sind.
828 3802 898 3810 -
952 3771 1088 3824 mihi
1150 3769 1326 3839 sumo]

143 3847 148 3850 ’
204 3841 316 3895 sibi
357 3857 595 3909 sumere,
649 3847 711 3894 ut
757 3867 824 3887 =
862 3842 981 3896 sich
1028 3840 1329 3896 anmassen.

204 3912 362 3965 Fam.
413 3911 558 3967 XIII.
608 3919 703 3965 50:
768 3912 995 3983 Sumpsi
1038 3913 1137 3967 hoc
1181 3913 1333 3979 mihi,

201 3988 271 4035 ut
315 3985 394 4038 ad
439 3989 490 4037 te
533 3985 890 4050 familiariter
925 3984 1223 4039 scriberem.
1266 4013 1330 4022 -

203 4055 429 4123 cogites]
479 4072 521 4109 s.
570 4074 613 4107 z
660 4054 756 4110 III.
809 4061 953 4110 ’1.3.
1006 4084 1070 4093 -—
1117 4054 1326 4125 ceteris]

205 4124 316 4179 den
353 4125 664 4193 fifichtigen
692 4126 1114 4196 Pompejanern.
1146 4155 1212 4164 —
1240 4126 1329 4180 in-

210 4196 395 4268 iwria]
435 4196 487 4249 d.
528 4196 565 4250 i.
604 4196 693 4250 die
732 4196 1126 4265 Verbannung.

1437 2492 1720 2546 merksam
1758 2509 1824 2545 zu
1859 2493 2118 2558 machen3
2167 2492 2314 2544 denn
2351 2508 2423 2545 an
2461 2490 2552 2546 die

1439 2562 1614 2618 Stelle
1672 2565 1769 2617 des
1815 2563 1942 2615 dem
1989 2578 2101 2617 non
2145 2563 2318 2616 solum
2365 2562 2553 2616 korre-

1438 2634 1877 2702 spondierenden
1941 2634 2034 2688 sed
2091 2634 2253 2687 etiam
2307 2635 2421 2702 inq.
2477 2633 2554 2687 ist

1437 2705 1561 2759 eine
1610 2702 1990 2771 selbstandige
2038 2702 2408 2771 Fortsetzung
2453 2705 2552 2757 des

1438 2776 1771 2831 Gredankens
1808 2776 2079 2844 getretem
2119 2776 2323 2829 accedit
2358 2781 2451 2830 etc.
2485 2806 2549 2813 —-

1429 2847 1763 2917 praecipua]
1815 2846 1959 2900 auch
2005 2845 2083 2899 im
2137 2846 2274 2914 folg.
2314 2844 2405 2898 Br.
2444 2851 2474 2911 ξ
2521 2851 2549 2899 1

1433 2918 1512 2971 im
1534 2918 1848 2986 Gegensatz
1867 2934 1934 2969 zu
1953 2917 2326 2971 communis=
2342 2917 2551 2985 ‘eigen-

1433 2988 1740 3055 tfimliche‚
1823 2988 2160 3041 besondere’
2247 2989 2353 3041 mit
2425 2990 2552 3041 dem

1433 3057 1840 3126 Nebenbegriff
1887 3059 1985 3112 des
2026 3059 2553 3129 ‘hervorragendem

1433 3131 1854 3198 bevorzugten'.
1884 3160 1951 3169 —-
1979 3130 2360 3201 eloquentiam]
2397 3129 2553 3185 Fam.

1434 3200 1528 3257 VI.
1552 3207 1583 3255 9
1615 3205 1742 3270 sagt
1770 3201 1963 3255 Cicero
2001 3217 2113 3254 von
2143 3200 2370 3255 Cacina:
2408 3203 2555 3256 hunc

1435 3289 1472 3325 a
1490 3288 1682 3342 puero,
1716 3274 1858 3341 quod
1886 3279 1935 3326 et
1959 3289 2106 3340 spem
2138 3289 2394 3340 magnam
2419 3274 2556 3326 mihi

1435 3345 1717 3411 adferebat
1759 3360 1996 3399 summae
2033 3343 2332 3413 probitatis
2381 3358 2552 3397 sum·

1434 3432 1700 3484 maeque
1753 3416 2173 3483 eloquentiae
2213 3455 2225 3467 .
2300 3429 2555 3481 .semper

1434 3487 1623 3540 dilexi.
1722 3486 1832 3554 (Da
1894 3486 2251 3554 eloquentiam
2323 3483 2381 3536 in
2455 3484 2555 3537 der

1435 3555 1804 3611 Handschrift
1838 3555 2007 3622 fehlt,
2054 3573 2113 3609 so
2151 3555 2226 3610 ist
2262 3553 2555 3609 vielleicht

1435 3630 1595 3682 exim.
1676 3629 1959 3697 inqenium
2040 3632 2221 3694 tuum,
2312 3627 2406 3680 cui
2486 3644 2554 3679 zu

1438 3698 1770 3768 schreiben).
1828 3728 1894 3737 -
1948 3698 2179 3753 multum
2231 3697 2450 3766 tribuit]
2510 3714 2551 3751 s.

1438 3772 1581 3824 oben
1613 3775 1712 3852 ..25
1761 3775 1819 3824 8.
1876 3770 2080 3824 accedit
2124 3774 2216 3823 etc.
2270 3799 2334 3807 -
2379 3769 2553 3821 viola-

1438 3839 1625 3911 tum]
1607 3858 1670 3893 ιιι
1697 3841 1797 3894 der
1825 3838 2285 3894 Schmahschrift.
2315 3869 2381 3877 —
2410 3840 2555 3906 quod

1437 3910 1645 3993 ipsum]
1718 3911 1837 3965 lose
1899 3908 2299 3979 Ankm’ipfung.
2400 3908 2554 3964 Haec

1439 3982 1565 4052 ipsa
1594 3983 1693 4049 ira,
1725 3999 1889 4049 quam
1919 3982 2223 4035 commovit
2245 3980 2389 4033 liber
2405 3983 2553 4044 tuus,

1438 4052 1680 4108 sedatur.
1734 4052 1881 4109 Man.
1903 4083 1970 4093 —
1992 4054 2301 4121 opinionem
2317 4051 2553 4122 ingenii]

1439 4124 1577 4178 Gen.
1617 4123 1838 4193 object,
1886 4122 1975 4178 die
2014 4123 2306 4193 Meinung,
2358 4123 2447 4176 die
2495 4122 2554 4178 C.

1437 4212 1547 4248 von
1586 4193 1805 4249 deinem
1843 4196 1956 4263 inq.
1987 4195 2106 4262 hat,
2144 4194 2202 4248 in
2230 4195 2329 4248 der
2357 4194 2433 4247 du
2461 4194 2555 4248 bei

279 4272 328 4322 3.
387 4272 549 4322 extra
603 4267 746 4338 ord]
809 4267 1030 4323 scheint
1083 4268 1333 4334 spaterer
1440 4264 1495 4320 C.
1536 4282 1729 4334 wegen
1768 4264 1957 4319 deines
1994 4267 2107 4335 inq.
2148 4266 2342 4321 stehst.

205 4337 408 4392 Zusatz
447 4356 514 4391 zu
554 4339 694 4405 sein,

747 4338 1032 4393 vielleicht
1067 4337 1332 4406 hinzuge-

203 4407 356 4479 ft'igt,
397 4428 494 4464 um
531 4409 634 4463 auf
666 4407 756 4464 die
793 4409 1176 4465 Anakoluthie
1213 4408 1331 4463 auf·
