3000 4917
1148 231 1609 298 Q.L1GAR1US.

2431 234 2557 299 167

211 417 326 462 eos
389 396 627 460 habere
693 395 1037 479 sollicitos,
1103 418 1141 459 a
1197 396 1428 479 quibus
1485 417 1554 460 se
1608 398 1796 480 putat
1851 397 2356 462 diuturnioribus
2415 420 2559 464 esse

207 485 533 551 molestiis
563 484 1025 550 conflictatum.
1090 483 1214 549 Sed
1243 483 1420 550 hoc
1402 506 1618 568 ipsum
1653 485 2089 571 intellegimus
2128 507 2273 551 eum
2320 487 2557 552 cotidie

210 574 550 640 remissius
600 578 664 638 et
708 572 1027 657 placatius
1073 573 1270 637 ferre:
1318 594 1514 657 quare
1562 573 1722 637 mihi
1758 574 1943 640 crede
1986 610 2062 622 -—
2105 578 2171 639 et
2206 576 2556 641 memoriae

207 664 451 728 manda
506 684 609 727 me
663 663 787 726 tibi
841 662 907 726 id
966 662 1339 727 adfirmasse
1391 698 1465 708 —
1518 664 1583 726 te
1638 662 1707 726 in
1752 663 1898 727 istis
1946 663 2264 729 molestiis
2313 665 2555 731 diutius

204 774 342 817 non
387 752 696 816 futurum.

389 839 737 923 Quoniam,
793 840 947 924 quid
1003 840 1337 922 sentirem,
1393 840 1690 924 exposui,
1747 840 1899 924 quid
1946 841 2139 905 velim
2183 845 2299 906 tua
2344 843 2623 926 causa‚4

204 951 277 994 re
352 929 572 1012 potius
648 929 985 994 declarabo
1060 950 1255 1013 quam
1319 930 1638 1012 oratione,
1712 932 1779 993 et
1839 929 1893 994 si
1960 932 2216 995 tantum
2281 952 2559 1015 possem,

206 1021 524 1102 quantum
587 1018 656 1081 in
722 1038 798 1081 ea
856 1038 925 1081 re
980 1016 1266 1100 publica,
1331 1017 1408 1080 de
1467 1039 1597 1101 qua
1651 1018 1747 1082 ita
1801 1040 1944 1082 sum
2002 1019 2296 1100 merituS,
2360 1023 2434 1084 ut
2484 1023 2559 1085 tu

208 1106 569 1189 existimas,
624 1127 815 1190 posse
872 1106 1212 1188 debebam,
1265 1127 1347 1169 ne
1395 1107 1466 1169 tu
1515 1106 1773 1191 quidem
1819 1107 1889 1171 in
1934 1107 2081 1172 istis
2128 1107 2557 1174 incommodis

209 1217 411 1280 esses3
459 1195 684 1259 eadem
722 1195 895 1259 enim
933 1216 1128 1260 causa
1166 1215 1322 1278 opes
1361 1216 1538 1259 meas
1575 1193 1792 1281 fregit,
1838 1216 2002 1280 quae
2048 1199 2230 1260 tuam
2279 1198 2557 1262 salutem

207 1285 278 1348 in
325 1284 668 1349 discrimen
716 1284 1006 1367 adduxit3
1054 1283 1166 1347 sed
1206 1287 1450 1366 tamen,
1496 1284 1807 1368 quidquid
1841 1285 2064 1371 imago
2102 1286 2333 1351 veteris
2372 1308 2556 1351 meae

207 1373 585 1458 dignitatis,
640 1372 950 1458 quidquid
994 1372 1313 1456 reliquiae
1359 1374 1609 1457 gratiae
1653 1373 1990 1457 valebunt,
2047 1375 2357 1459 studium,
2404 1397 2556 1441 con·

201 1462 444 1545 silium,
489 1483 704 1545 opera,
752 1461 1038 1547 [gratia,]
1077 1461 1235 1525 fides
1283 1482 1428 1526 mea
1477 1463 1659 1528 nullo
1694 1462 1839 1527 loco
1879 1462 2083 1527 deerit
2119 1464 2248 1528 tuis
2290 1465 2553 1548 optimis

201 1550 538 1615 fratribus.
588 1550 686 1615 Tu
712 1549 817 1615 fac
845 1549 1086 1614 habeas
1117 1550 1355 1615 fortem
1386 1551 1695 1634 animum,
1732 1573 1923 1636 quem
1951 1572 2203 1635 semper
2240 1551 2553 1618 habuisti:
2575 1547 2640 1618 5'

203 1639 489 1723 primum
544 1640 628 1704 ob
685 1661 793 1704 eas
850 1661 1104 1721 causas,
1160 1661 1319 1725 quas
1378 1640 1636 1723 scripsi,
1690 1639 1944 1723 deinde,
1999 1640 2170 1724 quod
2228 1663 2304 1706 ea
2361 1642 2437 1706 de
2484 1663 2553 1706 re

204 1729 466 1812 publica
521 1751 775 1813 semper
830 1727 1099 1792 voluisti
1156 1733 1349 1813 atque
1397 1728 1685 1812 sensisti,
1740 1731 1814 1793 ut
1857 1749 1989 1793 non
2034 1729 2227 1795 modo
2276 1731 2556 1796 secunda

206 1838 465 1901 sperare
523 1817 785 1901 debeas,
851 1817 962 1880 sed
1026 1817 1250 1899 etiam,
1314 1817 1371 1882 si
1429 1817 1648 1881 omnia
1703 1817 1974 1881 adversa
2029 1821 2269 1902 essent,
2335 1821 2554 1885 tamen

206 1906 608 1971 conscientia
672 1910 739 1971 et
800 1904 1123 1971 factorum
1189 1910 1254 1970 et
1308 1907 1726 1971 consiliorum
1781 1909 2071 1990 tuorum,
2136 1928 2553 1993 quaecunque

202 1995 594 2078 acciderent,
639 1995 998 2060 fortissimo
1047 1998 1111 2059 et
1157 1995 1437 2060 maximo
1488 1996 1704 2060 animo
1750 1994 1918 2060 ferre
1967 1995 2250 2063 deberes.

1052 2262 1409 2332 Ems'roLA
1451 2264 1698 2331 XVIII.

1104 2384 1215 2455 (Ad
1242 2385 1374 2441 fam.
1413 2384 1500 2440 VI.
1535 2387 1642 2454 14.)

975 2508 1305 2564 CICERO
1371 2509 1775 2565 LIGARIO.

376 2636 484 2701 Me
532 2637 697 2701 scito
747 2658 1004 2700 omnem
1051 2658 1269 2701 meum
1311 2636 1623 2720 laborem,
1670 2658 1926 2701 omnem
1975 2657 2263 2719 operam,
2311 2657 2549 2717 curam,
2574 2637 2610 2699 1

206 2723 492 2789 studium
536 2726 605 2789 in
650 2730 764 2789 tua
802 2726 1012 2790 salute
1051 2746 1454 2808 consumere3
1500 2748 1653 2789 nam
1690 2747 1836 2790 cum
1873 2731 1939 2790 te
1978 2745 2232 2808 semper
2269 2725 2548 2790 maxime

205 2813 418 2897 dilexi,
462 2819 603 2878 tum
648 2814 928 2879 fratrum
968 2820 1247 2897 tuorum,
1292 2835 1453 2899 quos
1493 2836 1693 2900 aeque
1734 2819 1925 2899 atque
1963 2817 2030 2878 te
2071 2835 2322 2878 summa
2359 2813 2547 2894 bene-

202 2902 493 2967 volentia
549 2924 689 2966 sum
745 2903 1142 2987 complexus,
1198 2903 1545 2989 singularis
1599 2903 1810 2987 pietas
1869 2924 2175 2987 amorque
2219 2903 2546 2968 fraternus

205 2991 459 3056 nullum
505 3012 607 3055 me
651 2992 901 3076 patitur
947 2992 1147 3057 officii
1191 3012 1345 3077 erga
1389 2995 1455 3056 te
1504 2993 1827 3077 studiique
1869 3014 2103 3057 munus
2143 2995 2255 3057 aut
2289 2995 2546 3077 tempus

201 3081 736 3163 praetermittere.
803 3079 946 3163 Sed,
992 3101 1157 3165 quae
1191 3080 1427 3146 faciam
1462 3082 1853 3167 fecerimque
1891 3103 2009 3165 pro
2047 3084 2131 3161 te,
2169 3102 2247 3146 ex
2283 3082 2543 3147 illorum

199 3175 264 3233 te
298 3169 538 3234 litteris
577 3191 769 3254 quam
812 3191 889 3233 ex
935 3169 1094 3233 meis
1143 3169 1316 3233 malo
1364 3191 1778 3256 cognoscere3
1827 3171 1982 3255 quid
2030 3175 2247 3235 autem
2295 3192 2547 3254 sperem

198 3261 310 3322 aut
363 3258 683 3324 confidam
743 3261 809 3323 et
863 3259 1267 3342 exploratum
1323 3259 1597 3324 habeam
1649 3260 1725 3324 de
1773 3261 1980 3325 salute
2027 3262 2167 3342 tua,
2222 3259 2289 3323 id
2332 3260 2455 3323 tibi
2501 3283 2540 3323 a

194 3367 294 3410 me
351 3347 672 3412 declarari
725 3347 900 3412 volo:
964 3369 1117 3411 nam
1175 3348 1233 3411 si
1286 3349 1631 3434 quisquam
1687 3353 1787 3414 est
1840 3348 2104 3413 timidus
2161 3347 2230 3411 in
2285 3347 2544 3433 magnis

200 3557 394 3622 sache,
451 3554 545 3611 die
594 3556 825 3625 jemand
875 3556 1125 3624 vertritt‚
1181 3557 1321 3625 geht

198 3628 478 3694 geradezu
521 3628 582 3680 in
618 3628 728 3680 den
765 3625 979 3697 Begriff
1009 3644 1119 3681 von
1155 3627 1318 3682 Par-

198 3698 296 3752 tei
343 3697 509 3763 ubet-3
556 3714 660 3767 pro
700 3697 856 3754 Caec.
896 3704 980 3752 27.
1021 3703 1114 3753 77:
1161 3700 1319 3753 cuius

196 3770 544 3825 auctoritati·
558 3771 767 3824 dietum
802 3775 879 3824 eet
914 3771 985 3824 ab
1021 3772 1123 3824 illa
1150 3786 1320 3825 causa

198 3842 421 3897 concedi
483 3842 718 3895 nimium
771 3857 885 3895 non
938 3846 1193 3911 oportere.
1253 3871 1318 3881 —

198 3911 391 3967 habere
424 3912 710 3982 sollicitos]
751 3930 795 3968 s.
832 3931 876 3966 z.
915 3912 956 3966 Ι.
1000 3918 1048 3966 ’1.
1091 3917 1138 3966 1.
1177 3941 1246 3952 -
1283 3928 1321 3964 α

196 3983 418 4055 quibus]
447 3982 525 4037 im
558 3983 879 4038 Deutschen
897 3983 1006 4037 mit
1023 3982 1207 4036 einem
1227 3999 1319 4036 zu·

199 4056 743 4124 sammengesetzten
778 4051 1319 4149 Prapositionalaus-

198 4124 373 4180 druck
415 4126 658 4179 durch
697 4126 905 4180 deren
944 4123 1241 4179 Schuld’.

268 4200 317 4249 4.
363 4198 502 4267 quid
553 4198 806 4252 sentirem
845 4238 856 4250 .
895 4197 1093 4267 ,quid
1134 4195 1317 4265 velim]

199 4268 607 4348 entsprechend
663 4269 763 4322 der
816 4274 847 4335 ξ
907 4275 935 4321 1
993 4265 1319 4337 gegebenen

199 4334 544 4407 Disposition
561 4341 884 4394 sententiam
903 4344 953 4393 et
970 4339 1316 4395 voluntatem.

203 4436 266 4447 -
310 4411 472 4466 velim
515 4415 618 4464 tua
663 4427 835 4467 causa
886 4428 928 4465 s.
976 4428 1021 4462 z.
1061 4411 1101 4463 I.
1145 4415 1225 4463 15.
1265 4415 1315 4464 3.

1425 3628 1451 3681 I
1498 3564 1548 3612 5.
1585 3559 1858 3624 factorum
1904 3564 1955 3614 et
1998 3557 2374 3624 consiliorum]
2421 3574 2463 3610 s.
2501 3575 2547 3612 z.

1496 3698 1675 3754 Emsr.
1707 3698 1905 3754 XVIII.
1934 3702 2079 3770 (708.
2105 3699 2215 3767 46.)
2254 3697 2366 3752 Der
2395 3697 2553 3751 Brief

1424 3772 1504 3824 ist
1531 3771 1895 3840 geschrieben
1923 3789 1990 3823 zu
2008 3769 2151 3824 Rom
2169 3769 2546 3823 wahrschein·

1424 3840 1540 3895 lich
1578 3857 1628 3895 a.
1668 3842 1719 3896 d.
1752 3841 1816 3896 V.
1847 3842 1971 3897 Kal.
2001 3840 2363 3895 intercalares
2399 3838 2547 3907 prio·

1426 3926 1516 3965 res
1553 3912 1619 3980 (s.
1659 3919 1689 3977 5
1727 3914 1802 3982 2).
1875 3913 1982 3965 Um
2017 3909 2267 3966 namlich
2303 3908 2394 3963 die
2433 3911 2547 3963 Un-

1428 3982 1688 4051 ordnung
1730 3984 1792 4037 in
1837 3983 1936 4036 der
1972 3980 2405 4050 Zeitrechnung‚
2453 3981 2545 4035 die

1429 4053 1605 4107 durch
1642 4053 1744 4108 das
1780 4071 1848 4107 zu
1883 4052 2020 4107 kurz
2057 4054 2378 4122 angesetzte
2406 4051 2441 4105 J
2444 4052 2547 4106 ahr

1427 4124 1526 4179 des
1546 4125 1733 4180 Numa
1751 4124 2089 4179 entstanden
2107 4139 2235 4190 war,
2262 4141 2327 4177 zu
2345 4123 2544 4193 heben,

1426 4195 1553 4250 liess
1609 4196 1780 4251 Casar
1840 4197 1917 4250 im
1975 4195 2146 4250 Jahre
2210 4201 2278 4249 46
2347 4198 2544 4264 (annus

1426 4265 1771 4323 confusionis
1819 4266 2074 4336 ultimus)
2114 4268 2278 4321 unter
2312 4267 2543 4322 Mitwir-

1423 4338 1583 4409 kung
1619 4340 1716 4394 des
1752 4338 2216 4395 Mathematikers
2246 4338 2544 4406 Sosigenes

1427 4426 1526 4463 aus
1555 4412 1926 4468 Alexandrien
1954 4410 2140 4466 ausser
2169 4411 2294 4463 dem
2326 4407 2545 4462 Schalt·
