3000 4917
1113 214 1185 270 M.
1213 211 1525 268 -TULLIUS
1565 214 1753 270 TIRO.
2519 215 2603 281 83

261 374 566 459 diciones,
617 374 726 438 sed
773 375 893 458 ita,
940 377 1015 438 ut
1060 380 1392 440 removeat
1437 375 1757 459 praesidia
1803 397 1880 441 ex
1926 377 2005 440 iis
2053 377 2240 462 locis,
2287 399 2450 463 quae
2498 400 2603 443 oc-

260 464 542 549 cupavit,
580 466 654 526 ut
691 464 830 527 sine
868 467 1047 528 metu
1087 463 1162 527 dc
1201 463 1303 529 his
1341 465 1499 549 ipsis
1540 464 2022 531 condicionibus
2059 464 2303 531 Romae
2341 474 2601 533 senatus

260 552 490 618 haberi
535 552 758 636 possit.
848 550 925 616 Id
972 552 1083 616 ille
1132 552 1185 617 si
1232 553 1475 637 fecerit,
1524 575 1672 638 spes
1719 557 1819 618 est
1862 555 2069 638 pacis,
2113 575 2244 619 non
2286 555 2599 621 honestae
2619 560 2664 623 4

265 679 342 690 —
405 641 581 726 leges
639 641 807 705 enim
863 640 1284 726 imponuntur
1344 666 1453 726 —3
1511 643 1623 707 sed
1681 642 1931 727 quidvis
1988 646 2088 707 est
2132 644 2358 708 melius
2407 665 2598 729 quam

265 731 360 797 sic
417 752 585 812 esse,
641 734 716 793 ut
769 752 1007 794 sumus.
1099 727 1213 793 Sin
1270 734 1485 795 autem
1542 730 1651 795 ille
1708 732 1845 795 suis
1897 731 2379 797 condicionibus
2428 737 2599 796 stare

256 818 558 902 noluerit,
604 818 849 883 bellum
896 822 1192 903 paratum
1244 823 1362 902 est,
1419 820 1735 884 eiusmodi
1782 824 2017 904 tamen,
2064 820 2234 904 quod
2289 821 2601 885 sustinere

257 908 367 972 ille
430 929 567 972 non
630 908 865 993 possit,
937 907 1317 991 praesertim
1394 930 1540 973 cum
1612 932 1650 972 a
1716 910 1847 974 suis
1914 909 2399 974 condicionibus
2460 910 2603 994 ipse

258 997 521 1082 fugerit,
587 1000 842 1061 tantum
904 996 1093 1061 modo
1159 1000 1233 1061 ut
1294 1019 1437 1061 eum
1502 997 2037 1081 intercludamus,
2100 1019 2181 1062 ne
2240 997 2320 1063 ad
2375 998 2603 1062 urbem

259 1086 471 1170 possit
528 1084 854 1168 accedere,
919 1084 1089 1169 quod
1146 1085 1565 1169 sperabamus
1619 1086 1760 1151 fieri
1819 1108 2036 1171 posse3
2102 1086 2370 1151 dilectus
2430 1087 2600 1151 enim

261 1195 536 1260 magnos
573 1173 972 1238 habebamus
1011 1175 1532 1258 putabamusque
1570 1174 1753 1239 illum
1798 1175 2099 1258 inetuere,
2147 1175 2203 1239 si
2249 1174 2330 1239 ad
2374 1176 2601 1240 urbem

261 1266 357 1329 ire
413 1263 757 1348 coepisset,
812 1284 893 1326 ne
940 1261 1185 1327 Gallias
1241 1264 1598 1347 amitteret,
1652 1285 1811 1349 quas
1869 1265 2095 1329 ambas
2146 1263 2347 1328 habet
2389 1264 2602 1328 inimi-

265 1352 557 1417 cissimas
612 1355 869 1434 praeter
923 1351 1450 1436 Transpadanos,
1510 1374 1587 1416 ex
1642 1351 2089 1438 Hispaniaque
2145 1374 2256 1417 sex
2313 1352 2600 1438 legiones

262 1445 328 1505 et
382 1460 621 1524 magna
678 1440 921 1505 auxilia
968 1440 1239 1505 Afranio
1296 1445 1361 1504 et
1406 1440 1662 1506 Petreio
1720 1442 1987 1506 ducibus
2041 1440 2242 1506 habet
2297 1462 2335 1505 a
2383 1446 2598 1524 tergo:

257 1529 542 1614 videtur,
615 1528 671 1592 si
742 1529 1052 1612 insaniet,
1124 1551 1315 1612 posse
1389 1530 1693 1614 opprimi,
1766 1532 1957 1595 modo
2030 1534 2104 1594 ut
2173 1529 2333 1594 urbe
2398 1530 2594 1594 salva.

257 1618 612 1684 Maximam
660 1621 879 1681 autem
923 1617 1191 1702 plagam
1235 1619 1500 1702 accepit,
1548 1618 1719 1704 quod
1756 1620 1831 1703 is,
1878 1619 1989 1703 qui
2026 1640 2340 1683 summam
2380 1624 2597 1683 aucto-

258 1707 521 1772 ritatem
560 1706 629 1770 in
672 1705 848 1771 illius
897 1706 1180 1771 exercitu
1226 1706 1529 1792 habebat,
1573 1707 1646 1772 T.
1690 1707 2034 1791 LabienuS,
2080 1707 2289 1772 socius
2338 1707 2599 1772 sceleris

260 1818 402 1861 esse
456 1796 692 1862 noluit:
756 1794 1022 1880 reliquit
1084 1795 1270 1859 illum
1328 1799 1394 1861 et
1458 1801 1559 1861 est
1622 1796 1986 1882 nobiscum,
2051 1796 2364 1879 multique
2428 1795 2597 1860 idem

256 1885 492 1950 facturi
538 1905 678 1949 esse
726 1883 1041 1948 dicuntur.

436 1972 582 2059 Ego
632 1972 841 2036 adhuc
889 1994 1037 2037 orae
1085 1972 1447 2039 maritimae
1500 1995 1803 2059 praesum
1860 1995 1899 2036 a
1944 1972 2235 2038 Formiis.
2327 1971 2391 2037 N
2395 1972 2662 2039 ullum5

258 2062 470 2128 maius
527 2062 864 2146 negotium
919 2061 1244 2145 suscipere
1299 2061 1500 2145 volui,
1566 2085 1691 2146 quo
1756 2063 1905 2145 plus
1959 2061 2127 2146 apud
2183 2062 2365 2125 illum
2418 2082 2597 2126 meae

258 2152 516 2216 litterae
574 2150 1181 2234 cohortationesque
1238 2150 1317 2214 ad
1374 2173 1598 2235 pacem
1659 2150 1975 2234 valerent3
2038 2151 2141 2214 sin
2202 2154 2420 2215 autem
2476 2150 2600 2215 erit

257 2240 518 2321 bellum,
547 2238 732 2303 video
764 2260 865 2303 me
896 2240 1124 2303 castris
1156 2242 1220 2302 et
1247 2241 1438 2304 certis
1468 2240 1832 2325 legionibus
1863 2239 2322 2323 praefuturum.
2369 2237 2597 2304 Habeo

258 2328 454 2393 etiam
483 2329 666 2392 illam
702 2327 1086 2411 molestiam,
1117 2328 1288 2413 quod
1310 2326 1650 2393 Dolabella
1670 2331 1894 2393 noster
1925 2326 2094 2413 apud
2114 2324 2453 2392 Caesarem
2485 2330 2599 2391 est.

437 2416 614 2482 Haec
659 2416 783 2481 tibi
828 2420 987 2481 nota
1033 2437 1173 2481 esse
1220 2416 1417 2502 volui,
1464 2440 1629 2502 quae
1678 2439 1830 2481 cave
1875 2437 1956 2479 ne
2002 2420 2065 2479 te
2111 2414 2490 2498 perturbent
2536 2417 2602 2478 et

255 2505 614 2589 impediant
676 2504 1110 2570 valetudinem
1173 2508 1370 2571 tuam.
1473 2505 1620 2591 Ego
1683 2503 1762 2570 A.
1827 2504 2133 2586 Varroni,
2198 2525 2387 2587 quem
2453 2525 2599 2567 cum
2620 2506 2660 2569 6

257 2594 773 2659 amantissimum
830 2594 956 2658 mei
1013 2595 1314 2679 cognovi,
1377 2598 1521 2659 tum
1578 2595 1775 2658 etiam
1830 2591 2015 2657 valde
2069 2590 2169 2656 tui
2225 2590 2602 2675 studiosum,

257 2683 758 2767 diligentissime
804 2686 868 2746 te
917 2682 1381 2766 commendavi,
1427 2687 1501 2748 ut
1548 2686 1613 2747 et
1658 2681 2046 2747 valetudinis
2091 2684 2241 2745 tuae
2278 2679 2600 2744 rationem

254 2771 531 2836 haberet
590 2774 655 2835 et
706 2772 1141 2856 navigationis
1198 2776 1264 2836 et
1316 2776 1530 2836 totum
1590 2776 1657 2836 te
1731 2770 2085 2854 susciperet
2148 2791 2222 2834 ac
2284 2771 2599 2834 tueretur:

263 2882 455 2945 quem
504 2860 718 2924 omnia
762 2859 1081 2926 facturum
1120 2861 1399 2945 confid03
1445 2861 1693 2945 recepit
1738 2860 1910 2924 enim
1956 2862 2019 2923 et
2056 2879 2307 2923 mecum
2345 2858 2598 2923 locutus

250 3039 413 3090 turos
455 3049 565 3089 esse
603 3040 656 3090 ct
688 3051 801 3090 rem
827 3052 931 3105 per
966 3040 1215 3091 senatum
1250 3051 1371 3090 con-
1478 3035 1542 3091 Τ.
1597 3034 1760 3089 Atius
1815 3035 1977 3103 Lab.‚
2044 3035 2242 3088 Casars
2307 3031 2488 3102 Legat
2538 3033 2599 3088 in

250 3106 503 3173 fecturoa
1480 3105 1718 3162 Gallien.
1792 3108 1880 3159 An
1926 3104 2118 3161 seinen
2162 3093 2312 3159 Uber
2502 3121 2600 3157 zur

327 3182 376 3230 4.
413 3177 494 3232 sic
530 3176 658 3248 esse]
696 3196 738 3231 s.
775 3196 821 3232 z.
858 3178 901 3231 I.
940 3182 993 3230 4.
1033 3183 1081 3231 3.
1136 3208 1203 3217 —
1250 3183 1370 3232 tan-
1480 3175 1672 3232 Partei
1700 3177 1798 3232 des
1818 3176 2117 3246 Pompejus
2144 3177 2299 3244 km’ip
2352 3193 2383 3230 e
2447 3175 2598 3231 icero

252 3252 369 3303 tam
400 3248 559 3303 modo
585 3252 651 3302 ut
678 3264 719 3303 6.
747 3247 876 3319 int]
916 3248 1027 3303 Der
1065 3248 1198 3317 Sieg
1234 3249 1373 3302 wird
1480 3247 1665 3319 grosse
1704 3247 2073 3316 Hoffnungen.
2574 3296 2578 3300 .

251 3318 412 3372 nicht
464 3335 575 3373 von
627 3319 727 3372 der
779 3319 1227 3389 Voraussetzung
1276 3320 1372 3374 ab·
1555 3361 1603 3411 5·
1649 3372 1910 3424 praesum
1947 3373 1984 3409 a
2012 3351 2284 3422 Formiis]
2322 3368 2432 3405 von
2467 3350 2600 3403 For-

250 3388 1374 3530 35.÷{.}3a503ff12.3ff.5{233.3ffi
1481 3423 2318 3567 ffjzissff’ffisslssitssffidssssss
2336 3421 2599 3545 {32²ss

252 3532 541 3586 dudam&
576 3536 670 3586 etc·
707 3531 786 3585 5⁸¹³
823 3530 913 3586 ein
949 3531 1055 3586 Ἠῶ
1089 3537 1153 3586 ut
1185 3533 1372 3601 einge‘
1479 3567 1795 3623 Prokonsul
1821 3569 1936 3622 und
1955 3569 2263 3634 Imperator
2290 3562 2506 3618 zukam.
2527 3591 2597 3602 —

251 3600 943 3729 &afflicta
973 3603 1373 3742 &aas
1670 3669 1738 3679 —
1767 3637 2186 3708 praefuturum]
2242 3652 2303 3690 ..
2351 3633 2599 3715 ...ab

254 3744 357 3798 wir
399 3743 500 3799 ihn
538 3762 644 3798 nur
678 3760 789 3800 von
823 3744 968 3800 Rom
1002 3745 1369 3800 fernhalten“.

251 3814 475 3870 Ebenso
521 3817 695 3870 unten
743 3818 900 3871 modo
935 3821 998 3870 ut
1033 3817 1164 3871 urbe
1197 3817 1374 3884 salva,

255 3885 427 3940 naml.
466 3886 828 3956 opprimatur.
865 3918 938 3927 -—
972 3902 1067 3942 sex
1112 3887 1367 3957 leyiones]

252 3956 428 4011 Sechs
447 3955 731 4026 Legionen
748 3974 935 4012 waren
965 3958 1110 4012 nach
1130 3957 1376 4028 Spanien
1554 3964 1602 4012 6.
1652 3956 1920 4027 Varrom]
1968 3956 2032 4009 A.
2072 3953 2365 4009 Terentius
2402 3952 2596 4007 Varr0.

251 4026 547 4097 geschickt
574 4029 814 4085 worden.
870 4029 1025 4084 Dazu
1050 4028 1256 4084 kamen
1283 4028 1373 4082 die
1483 4027 1619 4082 Dass
1666 4045 1725 4081 er
1773 4027 1892 4080 sich
1939 4026 2153 4080 damals
2199 4025 2259 4079 in
2300 4022 2598 4078 Griechen-

249 4114 362 4152 von
392 4099 501 4153 den
527 4098 800 4169 Spaniern
821 4100 1118 4169 gestellten
1137 4100 1371 4154 auxilia.
1481 4099 1617 4153 land
1652 4096 1876 4164 befand‚
1912 4097 1988 4151 ist
2024 4114 2124 4151 aus
2158 4112 2385 4150 unser-er
2425 4094 2598 4150 Stelle

250 4168 328 4224 Es
382 4168 732 4240 befehligten
791 4172 921 4226 dcrt
974 4170 1066 4224 die
1121 4171 1376 4240 Legaten
1482 4189 1548 4224 zu
1597 4167 1911 4225 schliessen.
1969 4199 2036 4208 —
2090 4168 2289 4237 recepit
2365 4167 2599 4235 recipere

251 4241 353 4296 des
371 4241 672 4312 Pompejus
696 4243 957 4297 Afranius
980 4241 1095 4296 und
1121 4241 1373 4312 Petrejus
1482 4241 1598 4295 und
1652 4242 1716 4295 in
1769 4256 1824 4294 se
1875 4240 2109 4307 recipere
2170 4236 2273 4292 wir
2377 4237 2435 4291 in
2491 4236 2598 4290 den

249 4311 369 4366 und
442 4312 516 4366 M.
592 4313 883 4368 Terentius
957 4313 1137 4368 Varro
1216 4314 1376 4380 (fiber
1483 4311 1706 4367 Briefen
1762 4310 1847 4366 oft
1904 4310 1981 4363 im
2039 4309 2206 4367 Sinne
2268 4325 2379 4363 von
2444 4323 2598 4376 „ver-

250 4381 444 4437 diesen
464 4381 559 4440 ΠΙ.
589 4388 652 4437 12
674 4382 939 4454 Vorbm.).
973 4415 1038 4424 —
1069 4384 1374 4455 Labienus]
1483 4383 1789 4453 sprechen“
1828 4381 2153 4452 gebraucht.
2215 4379 2338 4451 Vgl.
2368 4379 2434 4434 H.
2468 4384 2514 4432 1.
2546 4384 2596 4430 3.

2098 4470 2170 4526 6*

1480 3710 1662 3764 dieses
1708 3710 1891 3777 nicht',
1940 3726 1997 3763 er
2043 3725 2158 3761 war
2198 3706 2356 3761 nicht
2390 3704 2599 3759 emmal

1481 3782 1571 3835 bei
1590 3780 1890 3835 Pharsalus
1911 3793 2174 3848 zugegen.
2195 3809 2259 3818 —
2280 3773 2596 3844 Dolabella]

1481 3850 1705 3906 Ciceros
1745 3849 2223 3918 Schwiegersohn,
2261 3866 2301 3903 s.
2340 3846 2381 3899 I.
2422 3852 2470 3900 6.
2514 3851 2559 3898 1.
