3000 4917
990 244 1052 311 Q.
1092 242 1397 299 TULLIUS
1435 243 1717 299 CICERO.
2432 243 2519 308 59

179 405 448 489 civium,
491 409 677 470 tanta
722 407 1067 489 sociorum,
1113 408 1212 470 tot
1254 406 1469 491 urbes,
1513 409 1614 470 tot
1659 406 1954 472 civitates
2001 407 2193 470 unius
2240 405 2520 470 hominis

174 499 409 559 nutum
464 495 824 579 intuentur,
881 494 989 558 ubi
1045 494 1296 559 nullum
1354 494 1667 558 auxilium
1721 498 1844 576 est,
1899 495 2082 558 nulla
2128 494 2521 579 conquestio,

175 583 396 648 nullus
447 586 726 666 senatus,
770 583 951 648 nulla
997 582 1254 666 contio?
1342 581 1554 657 Quare
1599 582 1940 668 permagni
1984 582 2264 648 hominis
2311 586 2411 648 est
2457 586 2523 647 et

178 693 322 737 cum
359 672 508 755 ipsa
541 676 777 736 natura
812 671 1149 751 moderati,
1194 675 1336 735 tum
1372 692 1526 735 vero
1565 672 1763 734 etiam
1799 669 2091 735 doctrina
2128 674 2319 754 atque
2358 671 2522 753 opti-

178 782 429 825 marum
489 760 723 824 artium
779 759 1011 824 studiis
1068 759 1303 824 eruditi
1357 760 1450 823 616
1512 780 1581 822 66
1636 759 1939 823 adhibere
1996 759 2065 823 in
2111 762 2296 823 tanta
2344 762 2523 842 pote-

179 851 366 932 state,
402 852 478 912 ‘ut
512 849 695 913 nulla
732 847 861 913 alia
897 851 1189 931 potestas
1220 847 1300 911 ab
1330 847 1431 933 iis,
1466 847 1700 931 quibus
1728 848 1785 911 is
1812 848 2074 930 praesit,
2111 846 2524 912 desideretur.

353 935 537 1001 VIII.
604 933 813 1019 Cyrus
876 936 987 1001 ille
1051 958 1089 1000 a
1144 935 1577 1020 Xenophonte
1640 956 1775 999 non
1830 936 1913 999 ad
1966 935 2278 1000 historiae
2333 935 2523 998 fidem
2545 934 2631 1000 23

179 1026 485 1108 scriptus,
543 1024 655 1089 sed
712 1024 792 1089 ad
841 1024 1122 1110 effigiem
1168 1024 1322 1088 iusti
1368 1024 1652 1106 imperii,
1709 1024 1888 1088 cuius
1937 1045 2185 1089 summa
2234 1023 2523 1109 gravitas

181 1113 261 1177 ab
297 1114 414 1177 illo
455 1112 848 1197 philosopho
886 1135 1031 1178 cum
1070 1113 1386 1198 singulari
1423 1113 1730 1176 comitate
1767 1112 2200 1198 coniungitur,
2244 1147 2320 1158 —
2364 1133 2524 1195 quos

183 1201 437 1286 quidem
483 1201 691 1265 libros
735 1222 868 1265 non
906 1201 1046 1266 sine
1081 1223 1277 1267 causa
1313 1203 1539 1265 noster
1575 1200 1686 1264 ille
1722 1199 2070 1265 Africanus
2109 1200 2185 1264 de
2221 1199 2525 1265 manibus

179 1312 416 1374 ponere
464 1311 597 1354 non
635 1289 913 1373 solebat3
959 1289 1212 1354 nullum
1251 1293 1352 1353 est
1387 1290 1560 1353 enim
1598 1289 2127 1372 praetermissum
2163 1288 2232 1351 in
2268 1287 2349 1353 iis
2388 1286 2526 1353 offi-

181 1379 347 1443 cium
395 1378 732 1464 diligentis
779 1381 848 1442 et
890 1379 1208 1443 moderati
1252 1377 1508 1459 imperii
1549 1412 1651 1461 —,
1696 1398 1896 1461 eaque
1934 1376 1988 1442 si
2028 1377 2120 1441 sic
2159 1376 2362 1441 coluit
2397 1376 2527 1460 ille,

181 1468 285 1550 qui
336 1466 633 1550 privatus
690 1466 946 1530 futurus
1006 1488 1337 1551 nunquam
1392 1465 1545 1548 fuit,
1603 1486 1886 1548 quonam
1946 1465 2135 1529 modo
2192 1464 2529 1530 retinenda

184 1559 332 1619 sunt
375 1555 487 1636 iis,
545 1554 779 1638 quibus
824 1555 1167 1638 imperium
1213 1555 1308 1618 ita
1353 1554 1575 1618 datum
1624 1557 1750 1636 est,
1805 1556 1878 1617 ut
1923 1552 2287 1637 redderent,
2333 1558 2401 1618 et
2445 1553 2526 1617 ab

184 1643 263 1707 iis
306 1643 566 1728 legibus
614 1642 835 1707 datum
873 1646 990 1727 est,
1036 1642 1118 1706 ad
1155 1664 1313 1726 quas
1352 1641 1800 1706 revertendum
1841 1640 1985 1705 est?
2063 1642 2157 1705 Ac
2194 1642 2353 1705 mihi
2394 1642 2528 1724 qui·
2549 1642 2637 1707 24

185 1730 320 1795 dem
364 1731 673 1796 videntur
714 1731 843 1795 huc
888 1732 1109 1796 omnia
1155 1752 1296 1796 esse
1340 1729 1675 1795 referenda
1719 1730 1818 1812 iis,
1866 1730 1977 1812 qui
2012 1733 2323 1813 praesunt
2361 1729 2529 1807 aliis,

189 1823 258 1883 ut
299 1821 363 1906 ii,
411 1820 528 1903 qui
577 1822 765 1883 erunt
807 1820 876 1883 in
923 1840 1146 1884 eorum
1181 1819 1473 1902 imperio,
1522 1817 1654 1882 sint
1692 1839 1885 1901 quam
1922 1817 2311 1882 beatissimi:
2357 1817 2530 1902 quod

185 1908 301 1972 tibi
333 1912 403 1972 et
439 1929 585 1972 esse
624 1908 1147 1992 antiquissimum
1187 1911 1252 1971 et
1290 1907 1371 1971 ab
1409 1907 1596 1972 initio
1629 1906 1848 1989 fuisse,
1885 1911 1959 1970 ut
1986 1907 2268 1989 primum
2299 1905 2528 1971 Asiam
2600 1934 2605 1938 ·

188 1997 488 2082 attigisti,
552 1996 878 2061 constanti
939 1996 1118 2060 fama
1174 1999 1368 2080 atque
1425 1996 1714 2061 omnium
1780 2015 2075 2060 sermone
2136 1995 2529 2060 celebratum

188 2087 293 2148 est.
362 2084 491 2150 Est
530 2088 747 2149 autem
785 2105 915 2149 non
955 2084 1145 2149 modo
1185 2085 1342 2168 eius,
1389 2085 1499 2169 qui
1538 2083 1728 2149 sociis
1768 2088 1834 2148 et
1869 2083 2143 2167 civibus,
2180 2083 2289 2148 sed
2329 2083 2529 2147 etiam

192 2172 343 2257 eius,
403 2174 519 2258 qui
575 2172 802 2257 servis,
858 2172 970 2257 qui
1016 2173 1212 2237 mutis
1260 2173 1612 2256 pecudibus
1657 2172 1928 2255 praesit,
1987 2194 2237 2254 eorum,
2297 2171 2529 2256 quibus

190 2263 449 2345 praesit,
501 2260 856 2326 commodis
903 2261 1298 2346 utilitatique
1347 2261 1605 2326 servire.

357 2347 565 2415 Cuius
622 2349 876 2433 quidem
932 2350 1189 2435 generis
1236 2354 1534 2414 constare
1580 2350 1753 2412 inter
1798 2369 2020 2412 omnes
2066 2348 2250 2412 video
2300 2348 2418 2412 abs
2465 2351 2531 2412 te
2552 2349 2638 2414 25

193 2458 506 2503 summam
544 2437 832 2502 adhiberi
870 2438 1300 2522 diligentiam:
1346 2437 1596 2502 nullum
1634 2458 1743 2500 aes
1783 2435 2064 2500 alienum
2102 2457 2340 2499 novum
2381 2457 2530 2500 con·

198 2526 361 2590 trahi
407 2527 804 2611 civitatibus,
854 2530 1070 2591 vetere
1118 2531 1335 2590 autem
1383 2545 1621 2609 magno
1671 2528 1736 2587 et
1782 2523 1966 2607 gravi
2013 2523 2252 2587 multas
2302 2523 2418 2587 abs
2464 2527 2531 2587 te

195 2769 353 2840 fehlt,
407 2789 475 2825 zu
535 2776 807 2841 erganzen
856 2771 959 2840 ist,
1015 2770 1165 2840 zeigt
1211 2771 1310 2824 der

196 2838 499 2910 Gegensatz
527 2843 716 2897 nullus
731 2847 970 2910 matus,
996 2842 1157 2897 nulla
1184 2856 1308 2897 oon·

196 2912 283 2966 tio.
327 2943 393 2954 --
431 2915 713 2983 praetoris
765 2913 920 2983 com]
965 2918 1195 2982 praetor
1241 2936 1308 2957 ευ

202 2980 548 3039 Statthalter.
637 2983 809 3038 Asien
860 2984 1021 3039 hatte
1073 2983 1169 3051 „in
1212 2983 1311 3037 der

199 3051 364 3123 Regel
410 3054 577 3109 einen
604 3060 937 3124 propraetor
971 3072 1096 3108 211111
1136 3054 1309 3109 Statt-

200 3122 390 3192 halter,
428 3126 529 3180 der
564 3123 825 3180 11111666611
853 3126 998 3180 611611
1027 3125 1134 3178 den
1163 3123 1311 3178 Titel

194 3197 478 3260 proconsul
567 3195 808 3251 ffihrte.“
890 3195 1067 3263 Marq.
1150 3194 1311 3248 Rom.

204 3263 523 3321 Staatsverf.
581 3266 634 3324 S.
699 3271 817 3322 178.
865 3298 933 3307 -
979 3266 1287 3336 conquestio

204 3333 319 3389 dem
378 3342 458 3392 tot
502 3339 861 3407 magistratus
906 3338 1274 3406 entsprechen

207 3404 291 3459 die
301 3406 665 3463 Beschwerde
685 3407 778 3463 bei
796 3408 1011 3462 andern
1024 3409 1312 3462 Beamten.

208 3475 436 3534 Auxilia
456 3479 579 3533 sind
591 3478 1005 3545 Rechtsmittel‚
1025 3476 1116 3532 die
1131 3493 1315 3548 gegen

207 3545 288 3600 ein
341 3549 735 3618 gerichtliches
780 3549 1090 3604 Verfahren
1135 3548 1313 3602 zulas-

373 3691 396 3762 ]
834 3651 920 3761 ὅ..
934 3691 945 3703 -
959 3621 1046 3745 1.
1101 3635 1203 3758 ⁸22
1216 3620 1315 3701 ⁹0³·

348 3708 373 3745 e
541 3733 554 3745 .
638 3731 649 3743 .
761 3711 774 3745 2
922 3708 984 3745 m
1046 3707 1100 3744 m
1206 3706 1318 3744 mm

209 3762 431 3817 severius
451 3763 729 3830 adhibeb0‚
748 3762 842 3815 ich
862 3762 1046 3817 werde
1065 3763 1317 3829 strenger

211 3827 417 3900 halten3
455 3831 568 3901 vgl.
590 3838 620 3898 ξ
644 3838 725 3888 16.
756 3862 823 3873 -
851 3832 1011 3886 nulla
1038 3831 1158 3886 alia
1178 3829 1317 3901 pot]

215 3897 297 3954 die
341 3902 447 3971 sie,
497 3903 588 3957 die
635 3902 1090 3973 Untergebenen‚
1137 3916 1320 3972 363611

216 3967 316 4024 11611
365 3973 711 4028 Missbrauch
775 3973 875 4028 der
928 3971 1318 4042 pratorischen

217 4037 573 4112 Amtsgewalt
607 4043 841 4099 anrufen
876 4043 1142 4099 konnten.

280 4146 418 4204 VIII.
484 4149 650 4221 Soa-90
697 4149 795 4216 fiir
847 4151 949 4204 das
1010 4141 1172 4205 Wom
1224 4149 1322 4204 der

229 4212 625 4288 Unteryebenen.

283 4328 365 4377 23,
402 4343 436 4380 a
476 4326 849 4395 Xenophonte]
901 4325 962 4380 in
1000 4323 1181 4379 6611161·
1219 4322 1321 4393 Cy-

221 4394 450 4463 ropadie,
487 4395 547 4451 in
585 4396 684 4451 der
719 4396 976 4482 Xenoph.
1006 4396 1117 4451 den
1145 4395 1321 4464 Cyrus

1414 2768 1575 2823 nicht
1637 2767 1736 2822 der
1797 2766 2173 2822 historischen
2237 2766 2536 2823 Wahrheit

1458 2838 1652 2905 emass‚
1681 2838 1919 2893 sondern
1947 2836 2093 2892 nach
2120 2837 2303 2893 einem
2321 2840 2535 2893 seinem

1500 2910 1609 2964 iste
1645 2907 2156 2965 vorschwebenden
2192 2907 2348 2964 Ideal
2386 2910 2537 2965 eines

1418 2979 1723 3060 gerechten
1750 2978 2084 3035 Herrschers
2122 2979 2428 3035 beschrieb.
2471 3012 2537 3020 —-

1419 3048 2539 3203 {ifflassss‘iqtffissssssh}Zsstsiffisssissi

1421 3194 1632 3248 Satzes.
1705 3191 1815 3247 Mit
1859 3192 1952 3246 ille
1987 3192 2126 3246 wird
2166 3192 2267 3247 das
2302 3191 2542 3261 Subjekt

1422 3264 1643 3334 (cyrus)
1681 3261 1890 3317 wieder
1926 3262 2379 3331 ausgenommen‚
2424 3262 2540 3317 und

1420 3351 1587 3405 eaque
1622 3333 1847 3388 bezieht
1878 3332 1998 3388 sich
2028 3333 2130 3387 auf
2150 3334 2401 3403 aravitas
2425 3333 2542 3386 und

1420 3407 1660 3461 comitas.
1712 3435 1776 3444 —
1825 3403 2158 3474 Africanus]
2214 3420 2287 3458 66.
2342 3404 2539 3458 minor.

1422 3476 1600 3547 —ita]
1639 3474 1747 3528 mit
1782 3474 1882 3529 der
1916 3473 2402 3544 Einschrankunffi
2438 3490 2538 3527 un-

1418 3549 1509 3602 ter
1545 3548 1645 3601 der
1679 3544 2014 3613 Bedingung
2050 3561 2092 3600 s.
2116 3544 2157 3598 I.
2186 3551 2269 3600 24.
2292 3551 2341 3599 3.
2372 3574 2439 3585 -
2469 3544 2545 3599 ad

1423 3618 1589 3688 quas]
1627 3618 1823 3686 „unter
1860 3616 2030 3669 deren
2066 3615 2446 3671 Herrschaft“.

1494 3693 1582 3743 25.
1630 3689 1789 3743 ouius
1831 3686 2067 3758 yenem’s]
2118 3702 2159 3741 6.
2199 3705 2243 3741 2.
2281 3691 2312 3752 ξ
2353 3691 2436 3741 17.
2476 3715 2543 3724 -

1424 3758 1766 3828 civitatibus]
1826 3760 1923 3810 der
1979 3753 2176 3825 Dativ,
2241 3757 2369 3811 weil
2423 3755 2545 3809 hier

1425 3828 1586 3885 mehr
1612 3828 1673 3882 in
1700 3827 1969 3882 Betracht
1995 3827 2234 3894 kommt‚
2262 3827 2378 3894 fiir
2403 3842 2546 3893 wen,

1426 3901 1512 3954 als
1547 3916 1672 3955 von
1708 3915 1850 3953 wem
1889 3897 1981 3952 die
2010 3896 2293 3952 Schulden
2319 3897 2545 3952 kontra-

1428 3970 1576 4024 hiert
1627 3969 1872 4024 werden.
1954 3967 2060 4022 Die
2105 3967 2547 4038 ausgebeuteten

1427 4040 1773 4095 Gemeinden
1810 4040 2066 4109 borgten‚
2104 4055 2198 4092 um
2236 4038 2328 4093 die
2362 4039 2546 4109 gesor-

1426 4112 1624 4165 derten
1673 4110 2000 4179 Zahlungen
2042 4107 2244 4163 leisten
2292 4128 2360 4163 211
2410 4110 2549 4164 kon-

1425 4197 1563 4250 nen,
1629 4180 1769 4235 Geld
1832 4180 1926 4235 bei
1990 4181 2100 4235 den
2152 4181 2549 4249 negotiatores.

1430 4252 1483 4306 S.
1514 4270 1558 4308 2.
1588 4256 1619 4317 5
1650 4256 1732 4307 15.
1796 4250 1922 4305 Von
1960 4250 2130 4304 Asien
2166 4253 2295 4320 sagt
2322 4250 2436 4305 Cic.
2465 4267 2548 4320 pr.

1428 4323 1629 4378 Flacco
1688 4319 1781 4375 IX.
1841 4326 1936 4374 20:
2000 4322 2063 4375 in
2127 4323 2345 4375 aerario
2407 4321 2552 4376 nihil

1429 4394 1629 4448 habent
1647 4393 1908 4458 civitates,
1935 4392 2080 4446 nihil
2097 4393 2159 4445 in
2177 4392 2548 4461 vectiqalibus.
