3000 4917
963 241 1037 295 M.
1075 238 1432 297 CLAUDIUS
1469 238 1923 296 MARCELLUS.
2485 240 2613 304 173

267 401 657 489 faciendum,
702 401 873 489 quod
917 425 1049 469 non
1094 403 1350 488 probes,
1436 403 1729 469 Primum
1775 405 2052 488 tempori
2099 404 2338 487 cedere,
2382 404 2451 469 id
2496 409 2614 489 est,

262 492 644 560 necessitati
688 514 941 577 parere,
998 514 1253 577 semper
1298 493 1614 576 sapientis
1665 496 1765 557 est
1815 494 2144 578 habitum3
2197 493 2425 558 deinde
2479 515 2612 559 non

264 582 488 660 habet,
534 584 610 645 ut
649 602 820 646 nunc
867 581 1124 666 quidem
1172 584 1289 666 est,
1332 582 1400 645 id
1446 582 1590 646 vitii
1635 604 1755 648 res.
1828 581 2058 646 Dicere
2102 581 2403 667 fortasse,
2448 604 2612 666 quae

263 672 540 754 sentias,
596 691 727 735 non
784 670 968 755 licet,
1019 673 1236 736 tacere
1289 671 1485 754 plane
1539 671 1718 754 licet3
1774 672 1992 735 omnia
2045 671 2217 734 enim
2273 670 2487 735 delata
2532 671 2614 735 ad

269 782 476 824 unum
515 762 690 825 sunt:
728 759 787 824 is
824 760 1029 824 utitur
1067 759 1335 824 consilio
1374 781 1455 824 ne
1495 782 1759 824 suorum
1797 760 2072 844 quidem,
2110 759 2222 824 sed
2258 780 2403 843 suo;
2441 759 2611 844 quod

264 870 401 913 non
447 848 652 912 multo
700 869 882 913 secus
928 849 1137 932 fieret,
1193 848 1250 912 si
1294 849 1353 913 is
1399 869 1538 913 rem
1582 848 1909 931 publicam
1954 851 2236 931 teneret,
2280 869 2469 933 quem
2517 871 2612 914 se-

263 937 406 1002 cuti
467 959 710 1001 sumus.
809 936 942 1021 An,
1006 939 1116 1022 qui
1181 937 1250 1000 in
1304 937 1507 1021 bello,
1571 959 1716 1003 cum
1774 938 2061 1002 omnium
2116 940 2414 1004 nostrum
2469 959 2614 1002 con-

265 1026 559 1090 iunctum
614 1029 784 1091 esset
838 1027 1224 1109 periculum,
1289 1048 1405 1091 suo
1462 1029 1529 1090 et
1586 1029 1905 1091 certorum
1957 1026 2295 1090 hominum
2350 1025 2615 1090 minime

270 1114 687 1198 prudentium
736 1116 1009 1181 consilio
1055 1117 1362 1194 uteretur,
1409 1137 1556 1179 eum
1593 1116 1802 1200 magis
1841 1136 2243 1180 communem
2283 1135 2615 1179 censemus

271 1204 344 1267 in
391 1204 665 1269 victoria
706 1203 996 1268 futurum
1041 1202 1263 1282 fuisse,
1308 1225 1500 1288 quam
1549 1205 1813 1269 incertis
1859 1205 1927 1268 in
1971 1204 2163 1268 rebus
2208 1203 2485 1268 fuisset?
2532 1206 2615 1284 et,

267 1291 389 1375 qui
445 1313 560 1356 nec
624 1295 690 1357 te
755 1293 1019 1359 consule
1083 1296 1266 1356 tuum
1331 1293 1880 1375 sapientissimum
1949 1293 2291 1358 consilium
2356 1296 2614 1357 secutus

267 1383 470 1465 esset,
533 1402 649 1445 nec
702 1379 904 1445 fratre
962 1386 1075 1446 tuo
1132 1381 1542 1446 consulatum
1598 1404 1677 1447 ex
1732 1382 2119 1447 auctoritate
2184 1386 2298 1446 tua
2352 1386 2613 1467 gerente

274 1469 468 1534 vobis
525 1470 897 1535 auctoribus
956 1470 1054 1534 uti
1107 1470 1411 1553 voluerit,
1478 1492 1649 1535 nunc
1703 1473 1921 1535 omnia
1974 1474 2305 1535 tenentem
2356 1474 2613 1535 nostras

267 1558 629 1623 sententias
683 1558 1194 1624 desideraturum
1252 1580 1475 1624 censes
1530 1559 1776 1624 fuisse?
1876 1558 2110 1624 Omnia
2171 1562 2323 1624 sunt
2379 1559 2615 1624 misera
2635 1563 2675 1627 3

269 1646 344 1711 in
373 1645 559 1711 bellis
587 1646 885 1713 civilibus
908 1684 986 1695 —
1012 1669 1177 1732 quae
1205 1648 1484 1712 maiores
1511 1649 1723 1713 nostri
1750 1670 1831 1712 ne
1861 1648 2060 1712 semel
2087 1647 2364 1731 quidem,
2388 1651 2614 1713 nostra

262 1738 453 1800 aetas
492 1757 679 1820 saepe
718 1737 851 1801 iam
890 1737 1092 1801 sensit
1123 1772 1233 1821 ——,
1269 1737 1380 1801 sed
1417 1736 1716 1802 miserius
1743 1736 1906 1801 nihil
1935 1758 2128 1822 quam
2155 1737 2298 1820 ipsa
2325 1735 2616 1820 victoria,

265 1846 436 1909 quae
491 1825 745 1890 etiamsi
801 1825 882 1889 ad
936 1826 1235 1890 meliores
1290 1825 1501 1909 venit,
1566 1829 1785 1890 tamen
1829 1847 1960 1890 -eos
2024 1826 2204 1910 ipsos
2268 1825 2612 1890 ferociores

267 1913 890 1998 impotentioresque
955 1914 1192 1998 reddit,
1254 1917 1355 1997 ut,
1419 1915 1677 1979 etiamsi
1739 1916 1976 1979 natura
2039 1915 2202 1979 tales
2266 1935 2399 1978 non
2465 1913 2615 1996 sint,

266 2004 654 2067 necessitate
701 2024 840 2068 esse
887 2006 1234 2088 cogantur3
1287 2004 1496 2068 multa
1544 2005 1715 2068 enim
1762 2002 1994 2069 victori
2047 2026 2272 2068 eorum
2328 2002 2615 2084 arbitrio,

267 2112 393 2174 per
439 2113 600 2175 quos
648 2092 822 2176 vicit,
871 2093 1067 2157 etiam
1109 2092 1315 2157 invito
1353 2092 1651 2157 facienda
1688 2095 1856 2158 sunt.
1929 2091 2037 2156 An
2072 2098 2146 2158 tu
2182 2113 2314 2156 non
2351 2090 2616 2157 videbas

270 2201 526 2244 mecum
574 2180 794 2265 simul,
851 2203 1044 2265 quam
1089 2181 1202 2245 illa
1248 2181 1523 2246 crudelis
1570 2185 1744 2247 esset
1786 2181 2004 2246 futura
2047 2181 2361 2246 victoria?
2415 2181 2616 2265 igitur

264 2273 429 2334 tunc
471 2291 722 2354 quoque
769 2291 1019 2334 careres
1064 2270 1303 2354 patria,
1347 2291 1458 2354 ne,
1512 2292 1675 2355 quae
1721 2271 1955 2353 nolles,
2003 2270 2296 2335 videres?
2388 2266 2615 2350 ‘Non,'

266 2495 376 2564 ist,
438 2496 623 2550 zumal
681 2512 740 2551 es
797 2495 973 2551 durch
1027 2497 1392 2566 Horensagen

1499 2496 1728 2564 richtet3
1797 2496 1968 2551 allein
2023 2496 2319 2565 Pompejus
2373 2495 2500 2549 liess
2554 2497 2615 2549 in

268 2567 618 2636 vergrsssert
651 2567 805 2623 wird.

1499 2568 1875 2622 furchtsamer
1910 2566 2366 2635 Zurfickhaltung
2413 2567 2521 2621 den
2557 2565 2618 2620 in

1501 2640 1712 2693 seinem
1732 2637 2002 2693 Interesse
2029 2637 2388 2692 handelnden
2403 2637 2618 2691 Konsul

1499 2710 1578 2763 im
1609 2709 1814 2766 Stiche.
1840 2741 1903 2750 -
1923 2710 2099 2776 fratre
2126 2715 2220 2763 tuo
2268 2709 2327 2764 C.
2351 2708 2616 2763 Claudius

1500 2780 1828 2851 Marcellus,
1885 2780 1986 2835 der
2039 2782 2193 2835 Kons
2309 2780 2406 2834 des
2451 2780 2501 2833 J.
2548 2784 2616 2833 49

347 2715 396 2762 2.
443 2709 719 2780 Primum]
779 2708 970 2763 Damit
1017 2708 1255 2779 beginnt
1303 2709 1393 2763 die

271 2778 687 2848 Widerlegung
750 2779 846 2835 des
909 2781 1213 2845 Einwurfs,
1285 2781 1395 2834 den

271 2849 577 2905 Marcellus
597 2851 833 2905 macheu
849 2850 1062 2906 konnte
1080 2878 1147 2896 =
1162 2851 1394 2906 Erstens

275 2922 583 2992 (entgegne
646 2920 759 2988 ich)
824 2941 876 2976 u.
935 2939 976 2975 s.
1032 2942 1103 2977 w.
1159 2953 1229 2962 —
1282 2939 1396 2977 non

272 2993 434 3048 habet
487 2994 549 3048 id
601 2994 729 3047 vitii
779 2994 889 3064 res]
947 2992 1037 3047 die
1090 2992 1396 3047 Rfickkehr

272 3064 486 3133 zwingt
502 3062 660 3117 nicht
680 3080 749 3118 zu
777 3064 986 3120 diesem
1013 3063 1229 3118 Fehler.
1267 3064 1396 3132 Res,

275 3135 370 3190 die
404 3134 599 3203 Sache,
637 3135 737 3189 der
772 3135 1079 3190 besondere
1114 3135 1255 3203 Fau,
1300 3153 1396 3189 um

274 3207 388 3261 den
402 3222 461 3260 es
477 3205 597 3261 sich
609 3205 857 3275 handelt,
874 3207 927 3260 d.
936 3206 974 3261 i.
991 3207 1082 3261 die
1092 3206 1397 3260 Riickkehr

274 3277 374 3332 des
411 3277 723 3333 Marcellus.
760 3307 831 3317 —
867 3294 1021 3347 quem
1055 3294 1154 3335 sec.
1182 3278 1394 3349 sumus]

273 3347 591 3417 Pompejus.
613 3378 678 3387 —
699 3349 941 3404 omnium
964 3350 1233 3421 nesta-um]
1274 3349 1394 3403 Cat.

272 3418 315 3473 Ι.
353 3425 400 3473 ’1.
438 3425 531 3473 17:
560 3420 776 3488 patria,
812 3436 951 3489 quae
986 3421 1284 3476 communis
1320 3425 1397 3475 est

275 3490 520 3545 omnium
574 3495 819 3545 nostrum
863 3507 1084 3559 parens.
1140 3522 1204 3531 —
1257 3507 1394 3546 com-

275 3561 515 3631 munem]
558 3560 869 3616 Communis
896 3562 973 3616 ist
1001 3561 1115 3630 der,
1150 3562 1398 3617 welcher

278 3630 374 3686 die
413 3631 670 3701 Vorzfige
718 3631 898 3686 seiner
936 3631 1196 3702 Stellung
1239 3634 1399 3688 nicht

278 3702 511 3771 geltend
538 3703 749 3768 macht,
785 3701 944 3757 nicht
974 3703 1268 3758 ‘exclusiv’
1299 3704 1392 3772 ist,

280 3773 381 3828 der
415 3771 579 3826 nicht
612 3772 759 3826 bloss
795 3773 940 3827 nach
977 3774 1230 3843 eigenem
1259 3773 1395 3828 Gut-

278 3844 508 3899 dsinken
553 3843 812 3913 handelt,
864 3844 1102 3899 sondern
1147 3847 1246 3899 auf
1286 3847 1395 3900 den

276 3915 395 3970 Rat
440 3915 676 3970 anderer
720 3914 867 3969 hort.
915 3946 982 3955 —-
1028 3917 1093 3970 in
1136 3917 1397 4003 victoria]

276 3986 364 4041 als
394 3987 593 4056 Sieger
610 4012 679 4031 ==
696 3987 747 4040 si
772 3987 986 4042 vicisset
1012 3986 1149 4041 oder
1164 3989 1399 4043 victoria

274 4056 461 4127 parui.
555 4056 680 4126 Vgl.
737 4057 832 4112 III.
888 4062 973 4112 41.
1033 4064 1082 4112 2.
1132 4089 1196 4098 -
1243 4064 1399 4113 tuum

277 4130 573 4185 consilium
618 4128 732 4182 Der
747 4127 966 4197 Antrag
986 4129 1083 4183 des
1101 4128 1399 4184 Marcellus

279 4199 451 4270 (Einl.
491 4218 537 4254 z.
612 4242 623 4254 .
664 4200 780 4269 51),
819 4199 944 4253 dass
980 4198 1147 4254 beide
1185 4200 1401 4253 Trium-

283 4270 404 4326 virn
431 4271 555 4325 ihre
574 4269 878 4325 Provinzen
903 4270 1158 4340 abgeben
1177 4270 1399 4338 sollten,

285 4359 401 4397 war
435 4344 547 4396 wie
583 4342 790 4396 andere
817 4340 1067 4411 Antrage
1093 4342 1209 4396 und
1236 4342 1400 4397 Mass·

277 4414 476 4484 regeln
525 4412 816 4468 desselben
862 4430 1042 4484 gegen
1090 4412 1260 4469 Casar
1303 4430 1402 4483 ge·-

1504 2851 1685 2921 (nicht
1726 2852 1824 2905 der
1861 2853 2005 2906 oben
2047 2858 2128 2906 19.
2169 2857 2200 2905 6
2238 2854 2521 2921 genannte
2560 2849 2617 2904 C.

1500 2922 1599 2991 M.)
1639 2922 1737 2977 der
1773 2939 1847 2977 an
1876 2922 1983 2977 den
2011 2922 2313 2992 folgenden
2340 2921 2619 2991 Kampfen

1504 2994 1606 3047 teil
1659 2994 1829 3048 nahm
1884 2993 2000 3047 und
2048 2994 2109 3047 in
2156 2993 2261 3047 den
2312 2993 2619 3049 Gefechten

1501 3064 1596 3188 pei
1627 3064 2040 3189 1{Qirrhachium
2091 3064 2225 3119 oder
2260 3064 2354 3119 bei
2389 3063 2619 3118 Pharsa-

1527 3153 1591 3189 us
1668 3151 1736 3189 e.

1576 3211 1624 3262 3.
1681 3223 1838 3277 saepe
1889 3208 2026 3279 iam]
2084 3206 2227 3261 Phil.
2283 3206 2427 3261 VIII.
2486 3213 2535 3261 2.
2589 3213 2618 3261 ’1

1501 3276 1832 3333 bezeichnet
1886 3277 2078 3333 Cicero
2137 3277 2221 3332 als
2277 3277 2387 3333 den
2435 3280 2621 3332 ersten

1504 3348 1881 3419 Burgerkrieg
1945 3349 2054 3403 den
2108 3348 2281 3417 Krieg
2343 3347 2622 3403 zwischen

1506 3420 1661 3475 Sulla
1708 3421 1822 3475 und
1872 3419 2175 3490 Sulpicius3
2232 3420 2340 3474 den
2388 3420 2622 3474 zweiten

1502 3492 1734 3547 ffihrten
1779 3491 1957 3546 Cinna
2003 3492 2115 3545 und
2166 3489 2466 3556 Oktavius,
2513 3491 2622 3544 den

1504 3562 1717 3617 dritten
1737 3561 1895 3617 Sulla
1923 3563 2028 3617 mit
2046 3561 2256 3616 Marius
2284 3560 2398 3615 und
2420 3560 2619 3627 Carbo,

1505 3633 1605 3688 der
1637 3632 1813 3688 vierte
1850 3650 1966 3688 war
2002 3634 2100 3687 der
2135 3631 2311 3701 Krieg
2345 3632 2623 3687 zwischen

1505 3704 1676 3758 Casar
1728 3705 1843 3758 und
1897 3704 2223 3774 Pompejus,
2288 3704 2387 3758 der
2440 3703 2622 3758 ffinfte

1504 3776 1604 3829 das
1651 3774 1864 3830 bellum
1910 3777 2239 3829 Mutinense.
2311 3774 2440 3844 Vgl.
2488 3774 2620 3829 Hor.

1502 3865 1585 3915 ep.
1647 3852 1739 3901 16:
1804 3847 2001 3901 Altera
2054 3848 2168 3901 iam
2223 3847 2419 3901 teribwr
2473 3846 2624 3900 bellis

1504 3918 1758 3972 civilibus
1812 3922 1979 3973 aetas.
2017 3949 2085 3958 -
2123 3933 2287 3987 quam
2338 3917 2465 3988 ma]
2526 3917 2624 3971 der

1502 3988 1887 4058 Pompejaner.
1948 3989 2104 4042 Fam.
2143 3988 2233 4042 lV.
2267 3994 2350 4042 14.
2380 3993 2439 4041 2.
2478 3987 2543 4042 Si
2577 3989 2625 4042 ii

1505 4060 1775 4127 vicissent,
1810 4061 1886 4114 ad
1912 4077 2045 4129 quos
2072 4076 2165 4128 eqo
2184 4061 2349 4128 pacis
2373 4075 2485 4128 spe,
2511 4075 2625 4114 ‘non

1511 4130 1637 4184 belli
1662 4132 1963 4199 cupiditate
1992 4133 2263 4187 adductus
2281 4146 2625 4197 accesseram,

1507 4207 1690 4255 tamen
1725 4202 2109 4271 imelleyebam‚
2148 4208 2197 4256 et
2232 4204 2502 4257 abatorum
2529 4203 2624 4256 ho-

1511 4272 1720 4326 minum
1755 4277 1805 4326 et
1841 4275 2170 4341 cupidorum
2196 4280 2247 4328 et
2272 4274 2627 4328 insolentium

1510 4359 1698 4413 quam
1779 4345 2068 4399 crudelis
2147 4349 2313 4399 esset
2382 4346 2625 4412 futura

1506 4415 1817 4470 victoria.
1891 4416 2020 4486 Vgl.
2056 4416 2199 4471 auch
2234 4414 2327 4469 III.
2362 4419 2444 4469 15.
2475 4422 2524 4470 3.
2556 4442 2621 4453 --
