3000 4917
805 251 964 310 ΠΕΟ.
1002 252 1251 307 IUNIUS
1286 254 1573 310 BRUTUS
1611 255 1940 312 ALBINUS.
2416 258 2544 321 219

193 416 523 480 valescere
569 436 779 498 posse.
852 413 1018 500 Ego,
1063 438 1145 480 ne
1191 418 1543 482 consistere
1587 419 1799 502 possit
1842 420 1913 483 in
1961 418 2154 484 Italia
2198 419 2546 501 Antonius,

195 505 372 569 dabo
422 525 710 587 operam:
759 525 989 588 sequar
1037 527 1182 568 eum
1229 506 1598 591 confestim3
1649 511 1989 592 utrumque
2035 531 2138 573 me
2183 513 2544 593 praestatu-

191 616 350 658 rum
396 614 612 676 spero,
665 614 747 657 ne
794 596 908 656 aut
952 591 1292 658 Ventidius
1345 595 1640 659 elabatur
1694 600 1808 660 aut
1851 596 2179 662 Antonius
2234 599 2306 662 in
2351 598 2545 664 Italia

192 684 505 746 moretur.
576 679 653 746 In
690 682 917 764 primis
954 704 1116 768 rogo
1154 687 1238 764 te,
1284 684 1364 746 ad
1402 684 1729 748 hominem
1774 686 2314 770 ventosissimum,
2359 686 2544 771 Lepi-

192 771 374 853 dum,
421 772 665 854 mittaS,
708 792 791 834 ne
836 770 1080 834 bellum
1128 772 1319 837 nobis
1365 773 1805 858 redintegrare
1842 775 2050 858 possit
2081 773 2369 841 Antonio
2418 776 2544 840 sibi

192 859 574 944 coniunct03
629 881 784 923 nam
839 859 917 923 de
969 859 1262 925 Pollione
1316 860 1551 926 Asinio
1608 867 1767 947 puto
1823 868 1888 926 te
1942 864 2332 947 perspicere,
2391 866 2543 949 quid

189 947 490 1012 facturus
538 947 640 1012 sit.
729 948 974 1012 Multae
1022 953 1089 1012 et
1133 949 1342 1014 bonae
1390 954 1456 1014 et
1500 951 1724 1015 firmae
1781 954 1934 1016 sunt
1978 953 2267 1036 legiones
2316 952 2542 1037 Lepidi

191 1040 265 1101 et
304 1036 539 1101 Asinii.
610 1034 838 1120 Neque
883 1036 1043 1102 haec
1090 1038 1326 1103 idcirco
1376 1039 1500 1102 tibi
1551 1040 1778 1122 scribo,
1828 1041 1997 1124 quod
2033 1045 2098 1104 te
2142 1063 2273 1105 non
2321 1043 2604 1107 eadem2

191 1126 713 1191 animadvertere
760 1127 979 1209 sciam,
1027 1128 1138 1191 sed
1184 1128 1353 1212 quod
1402 1128 1566 1193 mihi
1610 1131 2176 1213 persuasissimum
2219 1134 2319 1195 est
2353 1129 2540 1215 Lepi-

195 1214 354 1278 dum
401 1219 575 1279 recte
619 1215 942 1279 facturum
977 1237 1329 1300 nunquam,
1378 1217 1434 1281 si
1471 1218 1642 1281 forte
1678 1217 1864 1282 vobis
1901 1218 1966 1281 id
2004 1218 2082 1282 de
2117 1218 2242 1283 hoc
2278 1219 2543 1283 dubium

196 1307 320 1368 est.
412 1302 721 1368 Plancum
767 1326 1020 1389 quoque
1067 1306 1461 1370 confirmetis
1510 1328 1653 1389 or0,
1708 1328 1897 1391 quem
1946 1328 2133 1391 spero
2179 1308 2367 1391 pulso
2415 1310 2543 1372 An-

193 1391 386 1457 tonio
433 1393 527 1457 rei
572 1393 868 1476 publicae
914 1415 1046 1459 non
1094 1394 1479 1461 defuturum.
1566 1393 1636 1459 Si
1683 1417 1751 1459 se
1796 1395 1998 1479 Alpes
2044 1397 2365 1462 Antonius
2410 1399 2543 1461 tra-

188 1481 441 1564 iecerit,
488 1482 795 1546 constitui
833 1483 1227 1565 praesidium
1262 1485 1331 1546 in
1367 1484 1647 1566 Alpibus
1685 1485 1998 1549 collocare
2037 1488 2103 1549 et
2147 1489 2212 1549 te
2250 1486 2328 1550 de
2366 1487 2543 1551 omni

183 1591 265 1634 re
310 1569 524 1635 facere
571 1571 927 1636 certiorem.
1017 1589 1115 1636 111.
1163 1572 1310 1637 Kal.
1355 1570 1599 1655 Maias,
1646 1594 1724 1636 ex
1769 1575 2030 1656 castris,
2076 1572 2286 1658 Regii.

1125 1818 1480 1885 EPISTULA
1526 1819 1606 1885 V.

1084 1941 1195 2010 (Ad
1229 1941 1360 1995 fam.
1399 1940 1493 1997 XI.
1536 1942 1642 2010 12.)

599 2061 675 2117 Μ.
716 2061 976 2118 CICERO
1016 2063 1069 2118 S.
1107 2063 1173 2118 D.
1213 2064 1278 2118 D.
1316 2064 1565 2121 BRUTO
1602 2065 1748 2120 IMP.
1788 2066 1936 2121 COS.
1977 2066 2129 2121 DES.

373 2189 534 2255 Tres
580 2212 708 2255 uno
756 2191 857 2254 die
906 2213 945 2254 a
988 2193 1056 2255 te
1104 2194 1321 2276 accepi
1369 2193 1709 2276 epistulas:
1765 2215 1961 2257 unam
2006 2194 2295 2276 brevem,
2347 2217 2540 2278 quam
2564 2198 2598 2261 1

189 2278 427 2345 Flacco
460 2279 812 2344 Volumnio
854 2279 1134 2362 dederas,
1172 2281 1330 2345 duas
1360 2282 1702 2367 plenioreS,
1739 2304 2010 2366 quarum
2039 2283 2309 2346 alteram
2338 2283 2540 2347 tabel-

192 2370 400 2434 larius
446 2367 518 2433 Τ.
564 2368 744 2433 Vibii
791 2369 1033 2452 attulit,
1090 2371 1360 2433 alteram
1409 2370 1492 2434 ad
1547 2393 1650 2434 me
1707 2371 1887 2434 misit
1931 2368 2168 2453 Lupus.
2259 2370 2359 2435 Ex
2404 2373 2538 2436 tuis

194 2459 441 2523 litteris
480 2461 546 2521 et
574 2478 652 2521 ex
682 2454 975 2523 Graeceii
1002 2460 1296 2523 oratione
1325 2480 1455 2523 non
1487 2459 1679 2524 modo
1708 2481 1841 2524 non
1868 2459 2248 2523 restinctum
2278 2460 2538 2544 bellum,

193 2547 308 2611 sed
355 2547 554 2610 etiam
599 2545 1066 2611 inflammatum
1122 2548 1391 2612 videtur.
1482 2546 1637 2613 Non
1694 2548 1921 2611 dubito
1977 2551 2194 2611 autem
2250 2570 2369 2632 pro
2424 2552 2539 2613 tua

203 2636 522 2719 singulari
568 2636 927 2718 prudentia,
970 2636 1125 2721 quin
1161 2635 1533 2720 perspicias,
1570 2637 1624 2700 si
1663 2636 1909 2719 aliquid
1945 2637 2274 2700 firmitatis
2309 2640 2538 2703 nactus

197 2724 289 2787 sit
322 2723 666 2808 Antonius,
712 2725 933 2788 omnia
976 2729 1093 2789 tua
1137 2725 1255 2788 illa
1290 2726 1624 2808 praeclara
1658 2727 1732 2789 in
1765 2747 1904 2788 rem
1942 2724 2270 2809 publicam
2306 2726 2539 2790 merita

189 2922 344 2988 Uber
368 2933 477 2987 den
497 2933 620 2987 Tod
640 2934 740 2988 der
759 2931 917 2990 Koss.
940 2951 982 2988 s.
1005 2933 1059 2987 d.
1081 2933 1307 2987 Vorbm.

188 3005 247 3059 8.
286 3010 408 3059 215.
448 3035 515 3044 -
563 3005 874 3072 Ventidius]
915 3005 971 3057 Ρ.
1010 3004 1310 3058 Ventidius

186 3077 393 3130 Bassus
449 3093 549 3130 aus
593 3075 888 3143 Picenum,
939 3076 1019 3128 im
1066 3075 1310 3129 Bundes-

187 3146 659 3216 genossenkriege
685 3148 767 3201 als
786 3147 982 3200 Knabe
1011 3151 1176 3200 unter
1203 3146 1311 3200 den

189 3217 559 3287 Gesangenen
620 3218 768 3272 nach
822 3219 963 3272 Rom
1024 3216 1309 3286 gebracht,

184 3289 351 3343 hatte
387 3288 508 3343 sich
546 3289 723 3343 durch
757 3289 907 3343 seine
944 3288 1310 3344 militarische

185 3359 559 3428 Tfichtigkeit
592 3365 757 3415 unter
794 3359 966 3414 Casar
1001 3362 1061 3414 in
1090 3358 1312 3413 Gallien

185 3429 618 3499 ausgezeichnet
703 3431 822 3484 und
903 3430 1052 3501 stieg
1136 3430 1312 3484 durch

188 3502 397 3554 dessen
431 3501 610 3556 Gunst
644 3519 853 3572 empor.
917 3503 1077 3556 Nach
1115 3501 1311 3556 Oasars

189 3571 321 3626 Tod
349 3572 550 3627 schlol's
578 3590 640 3628 er
666 3574 785 3627 sich
823 3591 895 3627 an
922 3573 1198 3628 Antonius
1221 3590 1309 3627 an.

186 3643 304 3697 Mit
329 3641 449 3697 drei
464 3643 766 3714 Legionen,
796 3645 886 3698 die
907 3662 967 3697 er
986 3661 1085 3698 aus
1107 3644 1310 3698 Casars

184 3714 508 3770 Veteranen
568 3716 630 3769 in
684 3714 1073 3769 Mittelitalien
1137 3730 1307 3784 ange·
1351 3749 1359 3762 ι

187 3785 446 3853 worben,
527 3786 758 3841 entkam
839 3804 899 3841 er
971 3786 1144 3840 durch
1218 3785 1311 3839 die

186 3856 522 3925 Apenninen
556 3859 672 3911 und
707 3856 1019 3926 vereinigte
1057 3856 1177 3910 sich
1205 3856 1312 3909 mit

186 3927 515 4012 demselben
579 3928 791 3983 unweit
848 3929 1056 3984 Genua.
1148 3928 1309 3982 Auch

187 4003 439 4126 :fimi-t.
452 4000 684 4142 11ςῖ..Ξὲ
720 4005 910 4142 §.3312
923 4000 1310 4124 Ἑξὸἒὲἷῖὴὲξ

185 4143 397 4212 (oriem
458 4144 618 4210 infra
677 4143 997 4199 Ventidium
1058 4144 1307 4196 deiectus.

184 4214 319 4268 Tac.
358 4211 543 4269 Germ.
574 4215 701 4282 37.).
748 4247 817 4256 —
859 4212 1071 4284 ntittas]
1118 4211 1308 4267 Cicero

187 4284 363 4339 sollte
425 4283 526 4339 ibn
590 4286 766 4339 durch
824 4284 1015 4340 seinen
1076 4283 1310 4338 Einflul's

182 4362 521 4426 vermogen,
568 4355 669 4409 der
717 4355 895 4410 Sache
943 4357 1039 4410 des
1077 4356 1309 4411 Senates

181 4424 351 4482 nicht
402 4428 603 4483 untreu
648 4446 715 4482 zu
761 4428 998 4483 werden.
1049 4459 1114 4467 —
1166 4426 1308 4481 Poll.

1418 2933 1645 3005 Asinio]
1676 2935 1815 2989 fiber
1840 2932 2068 2988 Asinius
2086 2934 2272 2989 Pollio
2301 2954 2344 2990 s.
2363 2936 2536 2991 Vorb.

1420 3005 1472 3058 S.
1514 3008 1634 3059 215.
1717 3004 1876 3059 Auch
1928 3005 2050 3058 ihm
2100 3009 2286 3060 traute
2331 3006 2537 3062 Brutus

1417 3075 1594 3139 nicht,
1623 3076 1738 3129 und
1760 3094 1819 3129 er
1847 3075 2054 3130 schlofs
2083 3075 2203 3130 sich
2233 3079 2377 3131 auch
2406 3079 2540 3132 bald

1418 3147 1526 3200 den
1564 3146 1879 3201 Triumvirn
1915 3163 2002 3202 an.
2066 3148 2222 3219 [Hor.
2263 3166 2427 3203 carm.
2469 3149 2536 3202 Π.

1422 3218 1495 3288 1.]
1553 3204 1704 3272 Uber
1738 3220 1806 3273 dc
1841 3237 1883 3273 s.
1921 3237 1965 3272 z.
2002 3217 2045 3274 Ι.
2088 3225 2135 3274 1.
2166 3226 2216 3274 4.

1490 3329 1540 3377 2.
1597 3326 1659 3379 id
1713 3327 1779 3379 de
1829 3325 1930 3380 hoc
1973 3326 2028 3380 d.
2073 3325 2140 3396 e.]
2198 3325 2320 3380 eine
2376 3327 2537 3382 harte

1418 3396 1801 3464 Verbindung‚
1845 3396 1965 3451 ‘sed
1999 3396 2060 3449 in
2098 3397 2162 3451 D.
2202 3395 2387 3463 Bruti,
2422 3412 2536 3452 non

1418 3465 1478 3520 in
1497 3466 1669 3520 Tullii
1689 3466 1946 3536 epistulis
1971 3468 2299 3521 versamur'.
2341 3467 2534 3523 Orelli.

1420 3569 1487 3577 —
1544 3555 1727 3606 praes·
1781 3539 2065 3609 collocare]
2122 3556 2218 3591 um
2271 3539 2390 3592 ihm
2446 3538 2535 3593 die

1418 3608 1721 3663 Rfickkehr
1751 3608 2215 3664 abzuschneiden.

1489 3715 1667 3769 Erxsr.
1717 3716 1782 3771 V.
1832 3719 1975 3783 (711.
2022 3716 2132 3784 43.)
2216 3715 2329 3768 Der
2383 3714 2541 3770 Brief

1416 3785 1493 3840 ist
1529 3784 1609 3839 im
1645 3785 1761 3839 Mai
1794 3786 1932 3839 kurz
1969 3804 2069 3841 vor
2108 3787 2235 3840 dem
2271 3786 2407 3856 folg.
2435 3802 2533 3855 ge-

1418 3857 1728 3911 schrieben.
1842 3856 1949 3910 Mit
2032 3856 2161 3910 dem
2244 3857 2372 3911 dort
2453 3874 2535 3910 er-

1416 3931 1680 3982 wahnten
1727 3927 2029 3982 Schreiben
2085 3946 2157 3983 an
2209 3928 2317 3981 den
2366 3928 2537 3982 Senat

1414 4000 1575 4054 hatte
1604 3998 1837 4053 Flaccus
1865 3998 1990 4055 Vol.
2019 4000 2165 4054 auch
2193 3999 2355 4053 einen
2385 3997 2541 4053 Brief

1416 4088 1488 4125 an
1526 4069 1719 4125 Cicero
1756 4087 1866 4124 von
1902 4070 2109 4124 Brutus
2147 4068 2434 4138 gebracht.

1490 4148 1537 4196 1.
1602 4142 1810 4196 Flacco
1875 4142 2015 4212 Vol.]
2074 4130 2224 4195 Uber
2277 4140 2376 4194 ihn
2428 4140 2534 4195 wie

1416 4214 1558 4267 auch
1606 4214 1747 4267 fiber
1784 4213 1891 4267 den
1929 4211 2178 4281 sogleich
2215 4214 2535 4280 genannten

1421 4285 1483 4338 Τ.
1525 4284 1723 4339 Vibius
1757 4285 1873 4338 und
1912 4285 2048 4337 fiber
2081 4283 2376 4339 Graeceius
2411 4285 2536 4339 wis·

1418 4372 1518 4409 sen
1553 4356 1656 4409 wir
1694 4354 1878 4409 nichts
1916 4355 2182 4409 Naheres.
2216 4385 2281 4395 —
2310 4356 2534 4427 Lupus]

1419 4443 1460 4482 s.
1492 4446 1535 4481 z.
1568 4426 1661 4484 IV.
1696 4433 1741 4481 1.
1773 4432 1821 4481 1.
1851 4458 1920 4467 —
1947 4443 2016 4482 ex
2052 4427 2324 4497 oratione]
2366 4427 2534 4482 ‘nach
