3000 4917
952 204 1026 259 M.
1065 203 1311 259 TEREN
1314 203 1477 260 'PIUS
1514 203 1781 260 VARRO.

2416 203 2543 268 157

186 368 369 455 quod
428 369 593 433 velle
649 371 716 432 te
769 370 955 452 puto,
1012 367 1141 432 cito
1197 388 1299 432 me
1356 368 1438 432 ad
1481 371 1548 432 te
1595 388 1735 433 esse
1780 372 2149 451 venturum3
2208 367 2332 432 etsi
2377 367 2544 451 vide,

186 479 457 543 quaeso,
503 456 746 521 satisne
791 459 1040 520 rectum
1086 456 1189 541 sit,
1234 479 1355 522 nos
1401 456 1526 521 hoc
1570 460 1756 521 tanto
1803 456 2101 522 incendio
2145 457 2427 522 civitatis
2473 458 2543 521 in

185 547 345 612 istis
400 545 562 610 locis
619 567 785 610 esse:
851 544 1148 610 dabimus
1207 566 1569 610 sermonem
1624 545 1732 627 iis,
1800 546 1909 630 qui
1971 545 2276 610 nesciunt
2333 546 2546 628 1101118,

191 656 583 720 quocunque
622 634 695 698 in
728 634 871 699 loco
911 634 1131 717 simus,
1178 634 1449 698 eundem
1487 634 1750 718 cultum,
1796 633 2069 697 eundem
2107 633 2347 698 victum
2386 655 2543 700 esse.

189 723 392 800 ‘Quid
434 722 680 787 refert?
725 727 947 787 tamen
981 723 1050 786 in
1089 744 1449 787 sermonem
1486 720 1889 787 incidemus'.
1962 719 2169 786 Valde
2206 722 2290 806 id,
2336 723 2543 801 cred0,

188 811 626 879 laborandum
683 815 809 894 est,
865 833 947 875 ne
960 861 978 895 ,
1037 833 1182 876 cum
1229 833 1450 877 omnes
1496 812 1567 875 in
1615 812 1791 876 omni
1837 832 2071 897 genere
2119 814 2184 875 et
2230 809 2543 875 scelerum

188 906 263 967 et
339 900 735 985 flagitiorum
803 901 1207 979 volutentur,
1287 905 1512 965 nostra
1594 900 1933 965 nobiscum
1998 903 2111 965 aut
2180 900 2352 964 inter
2424 921 2542 964 nos

187 990 477 1056 cessatio
537 989 955 1073 vituperetur.
1043 988 1188 1074 Ego
1244 1010 1395 1055 vero
1449 990 1749 1075 neglecta
1802 989 2227 1054 barbarorum
2283 989 2543 1053 inscitia
2564 989 2605 1053 2

186 1100 544 1165 persequar
616 1081 710 1161 te;
784 1078 1078 1164 quamvis
1151 1078 1325 1142 enim
1400 1079 1531 1143 sint
1600 1078 1759 1143 haec
1823 1080 2086 1161 misera,
2161 1098 2323 1161 quae
2388 1081 2542 1142 sunt

188 1167 584 1251 miserrima,
619 1170 839 1230 tamen
875 1171 1047 1231 artes
1082 1170 1345 1232 nostrae
1382 1167 1603 1232 nescio
1641 1167 1964 1252 quomodo
2003 1188 2174 1230 nunc
2210 1166 2542 1231 uberiores

183 1257 447 1321 fructus
505 1257 671 1319 ferre
726 1255 1051 1337 videntur,
1110 1277 1303 1339 quam
1360 1256 1518 1320 olim
1571 1256 1895 1340 ferebant,
1961 1255 2095 1320 sive
2152 1256 2305 1339 quia
2359 1254 2542 1319 nulla

183 1367 368 1410 1111110
413 1345 482 1408 111
527 1366 596 1409 10
645 1344 774 1409 alia
819 1343 1317 1428 adquiescimuS,
1376 1345 1513 1409 sive
1559 1345 1727 1429 quod
1777 1344 2064 1430 gravitas
2109 1345 2320 1408 morbi
2364 1343 2542 1425 facit,

185 1438 269 1500 ut
329 1433 649 1498 medicina
706 1453 1036 1518 egeamus,
1101 1454 1304 1517 eaque
1355 1456 1526 1498 nunc
1579 1436 1915 1518 appareat,
1982 1433 2162 1497 cuius
2218 1433 2351 1496 vim
2408 1454 2539 1497 non

190 1522 656 1604 sentiebamuS,
702 1544 846 1586 cum
893 1522 1289 1587 valebamus,
1374 1521 1498 1587 Sed
1548 1521 1699 1607 quid
1746 1543 1866 1606 ego
1911 1542 2081 1586 nunc
2127 1522 2285 1586 haec
2333 1521 2413 1586 ad
2459 1526 2544 1604 te,

189 1612 384 1678 cuius
461 1611 639 1675 domi
709 1614 1091 1695 nascuntur,
1162 1605 1395 1692 γλαῦκ’
1468 1612 1563 1687 εἰς
1620 1604 1958 1692 Ἀθήναςῖ
2042 1609 2206 1674 nihil
2281 1610 2544 1692 scilicet,

194 1700 337 1765 nisi
380 1704 454 1765 ut
500 1700 890 1765 rescriberes
937 1699 1213 1783 aliquid,
1258 1721 1362 1763 me
1409 1704 1842 1783 exspectares:
1890 1698 1985 1763 sic
2031 1699 2230 1784 igitur
2274 1698 2488 1763 facies.

1093 1981 1450 2048 EPISTULA
1485 1980 1660 2047 XIV.

1120 2104 1230 2172 (Ad
1258 2103 1392 2159 fam.
1421 2105 1518 2161 IX.
1547 2106 1620 2174 2.)

1044 2210 1305 2266 CICERO
1359 2209 1712 2266 VARRONI.

377 2319 685 2386 Caninius
713 2322 864 2384 tuus
903 2323 970 2384 et
1006 2321 1175 2385 idem
1212 2322 1452 2404 noster,
1488 2342 1635 2384 cum
1673 2320 1753 2385 ad
1791 2341 1893 2384 me
1929 2320 2295 2403 pervesperi
2334 2320 2542 2383 venis·
2576 2323 2612 2385 1

190 2415 301 2478 set
359 2416 424 2475 et
481 2432 548 2475 se
603 2409 913 2493 postridie
968 2432 1159 2474 mane
1217 2408 1297 2473 ad
1352 2412 1416 2473 te
1470 2409 1714 2473 iturum
1770 2430 1910 2473 esse
1955 2408 2249 2492 dixisset,
2304 2407 2439 2472 dixi
2485 2409 2544 2472 ei

190 2603 306 2658 mit
330 2602 451 2657 ihm
480 2603 624 2657 nach
652 2602 782 2656 dem
802 2600 979 2656 durch
998 2600 1089 2656 die
1110 2600 1319 2656 8011ὃο-

190 2674 316 2729 heit
408 2673 589 2729 seiner
667 2672 774 2727 Um
820 2674 1076 2742 ebungen
1161 2671 1322 2726 nicht

190 2746 448 2814 weniger
511 2743 595 2799 als
660 2743 796 2798 duro
891 2742 984 2798 die
1038 2742 1323 2797 Heilkraft

195 2813 1321 2956 2320212331305123sszffssffzk'ssffifflssfiz

194 2958 391 3028 tigten
425 2957 569 3027 Baja
602 2976 669 3011 zu
703 2957 905 3011 reisen.

272 3036 321 3085 1.
374 3029 634 3100 Caninio]
697 3027 759 3084 C.
807 3026 1074 3082 Caninius
1125 3024 1321 3080 Gallus

195 3099 395 3155 stellte
430 3101 468 3156 i.
496 3100 546 3154 J.
577 3105 644 3154 56
685 3100 770 3152 als
806 3097 1178 3153 Volkstribun
1214 3096 1323 3151 den

191 3169 445 3240 Anti-ag,
494 3169 615 3224 dass
653 3170 955 3240 Pompejus
993 3171 1100 3242 den
1136 3168 1325 3236 Konig

198 3242 561 3298 Ptolemaeus
597 3241 828 3295 Auletes
877 3241 1022 3295 nach
1058 3229 1323 3309 Agypten

194 3313 612 3368 zurfickffihren
640 3311 819 3366 sollte.
880 3311 933 3368 S.
963 3311 1016 3368 d.
1036 3310 1182 3366 Einl.
1205 3330 1249 3367 z.
1269 3311 1321 3364 J.

195 3390 286 3440 56.
337 3415 405 3425 —
456 3390 657 3440 rectum
710 3384 809 3453 sit]
866 3383 1151 3452 geraten
1205 3382 1321 3436 sei.

198 3456 281 3509 Es
356 3456 568 3509 konnte
639 3453 937 3521 auffallen,
1009 3471 1170 3508 wenn
1234 3453 1324 3507 die

196 3525 460 3581 Freunde
515 3526 575 3580 in
631 3526 849 3580 solcher
898 3524 1021 3579 Zeit
1075 3523 1194 3579 sich
1250 3541 1323 3578 an

199 3596 389 3652 einem
433 3596 972 3667 Vergnfigungsorte
1026 3595 1133 3651 wie
1183 3594 1326 3664 Baj’a

196 3667 531 3723 aufliielten.
571 3700 638 3707 —
675 3667 954 3738 incendio]
1002 3666 1092 3720 die
1140 3665 1323 3721 Nach-

197 3739 355 3794 richt
414 3754 525 3794 von
588 3738 718 3794 dem
783 3737 949 3807 Siege
1004 3737 1202 3793 casare
1264 3737 1325 3790 in

198 3809 405 3865 Afrika
449 3826 569 3863 war
610 3810 759 3865 noch
804 3808 963 3863 nicht
996 3808 1143 3863 nach
1180 3807 1325 3862 Rom

201 3882 558 3951 gekommen.
600 3911 664 3920 ——
708 3880 857 3951 Quid
881 3879 1079 3962 refert]
1127 3895 1201 3960 sc.
1238 3880 1325 3933 in-

196 3948 1334 4092 {mnztssefiiwgssssssffifflgf

200 4094 381 4152 leitet.
414 4126 481 4135 —-
512 4095 714 4164 omnes]
755 4094 844 4148 die
883 4091 1225 4147 Casarianer.
1259 4121 1325 4131 —-

200 4167 485 4222 nobiscum
515 4195 583 4204 —
614 4165 861 4236 cessatio]
900 4163 990 4217 die
1020 4159 1325 4231 Unthatig-

201 4237 348 4306 keit,
415 4234 1009 4305 Zurfickgezogenheit
1070 4235 1160 4288 fiir
1220 4251 1326 4287 uns

198 4308 381 4379 (jeder
416 4308 509 4362 fiir
546 4306 688 4377 sich)
732 4306 866 4360 oder
902 4307 1007 4360 mit
1041 4304 1323 4360 einander.

260 4386 308 4436 2.
358 4377 752 4449 barbarorum]
800 4376 992 4447 gewiss
1039 4375 1163 4431 eine
1208 4376 1319 4429 An-

1428 2599 1689 2669 spielung
1746 2597 1848 2653 auf
1885 2597 1977 2653 (110
2024 2599 2207 2652 vielen
2253 2598 2544 2668 Fremden,

1428 2672 1520 2725 die
1583 2669 1704 2725 sich
1748 2673 1912 2724 unter
1959 2669 2158 2724 Casars
2202 2668 2545 2738 Anhangern

1427 2741 1724 2796 befanden.
1767 2773 1830 2781 —
1868 2742 2023 2813 haec]
2063 2761 2106 2796 8.
2145 2760 2190 2795 z.
2218 2740 2287 2798 II.
2319 2748 2366 2795 1.
2400 2746 2447 2795 1.
2478 2772 2545 2781 —

1427 2820 1573 2869 artes
1616 2812 1858 2884 nostrae]
1910 2813 2115 2867 ‘meine
2158 2811 2439 2868 Studien’.
2480 2843 2544 2851 —-

1427 2886 1701 2939 mdicina
1741 2889 1859 2953 eta]
1916 2883 2035 2938 Att.
2081 2883 2148 2938 X.
2191 2889 2274 2937 14.
2311 2889 2363 2938 2.
2411 2883 2548 2952 (Mai

1429 2957 1548 3025 49):
1596 2956 1937 3026 quamobrem
1972 2955 2242 3025 quidquid
2276 2956 2438 3010 habes
2473 2956 2550 3010 ad

1428 3027 1848 3095 consolandum,
1893 3027 2083 3096 colliqe
2128 3032 2178 3081 et
2220 3027 2324 3081 ma
2358 3027 2548 3094 scribe,

1428 3115 1543 3153 non
1599 3114 1666 3152 ex
1719 3099 1972 3152 doctrina
2026 3114 2196 3166 neque
2250 3114 2317 3153 ex
2372 3099 2546 3164 libris,

1428 3187 1561 3224 nam
1597 3170 1659 3223 id
1695 3169 1911 3238 quidem
1949 3170 2097 3223 domi
2122 3174 2216 3236 est,
2251 3171 2345 3224 8οἀ
2369 3171 2549 3224 nescio

1430 3242 1692 3310 quomodo
1755 3240 2075 3295 imbecillior
2136 3246 2213 3296 est
2277 3241 2550 3295 medicina

1430 3328 1596 3381 quam
1618 3312 1836 3367 morbus
1863 3316 1959 3366 cet.
1990 3342 2059 3351 —
2087 3313 2246 3366 cuius
2273 3311 2421 3366 domi
2447 3327 2548 3364 na-

1430 3384 1685 3454 scwntur]
1717 3383 1867 3436 ‘dem
1882 3397 1941 3435 es
1963 3382 2068 3435 auf
2079 3381 2336 3450 eigenem
2355 3381 2550 3435 Boden

1431 3454 1772 3520 zuwitchst’3
1808 3455 1917 3522 vgl.
1951 3454 2012 3507 in
2049 3453 2148 3506 der
2184 3451 2327 3506 eben
2364 3450 2546 3521 angef.

1434 3524 1610 3579 Stelle
1656 3526 1772 3579 Att.
1810 3525 1876 3578 X.
1919 3529 2002 3580 14.
2040 3530 2098 3577 2:
2155 3525 2216 3578 id
2265 3524 2413 3578 domi
2458 3528 2547 3576 est.

1435 3627 1499 3636 —
1529 3597 1690 3663 nihil,
1717 3597 1833 3651 nisi
1857 3595 1943 3667 ut]
1973 3611 2072 3649 aus
2093 3594 2314 3648 keinem
2338 3593 2550 3648 andern

1433 3665 1658 3722 Grunde
1706 3671 1825 3737 (090
1869 3683 2019 3721 nunc
2062 3668 2192 3720 haec
2236 3666 2311 3720 ad
2350 3670 2423 3733 te)
2465 3664 2549 3717 als

1433 3738 1628 3794 damit.
1700 3738 1863 3792 Nihil
1909 3736 2223 3807 entspricht
2265 3737 2391 3789 dem
2427 3752 2551 3790 vor·

1431 3809 1826 3878 hergehenden
1879 3809 2028 3878 quid.
2104 3807 2230 3876 Vgl.
2290 3806 2391 3860 das
2444 3806 2551 3860 seit

1432 3878 1626 3933 Livius
1698 3879 1812 3933 fast
1883 3878 2174 3934 adverbial
2245 3904 2313 3923 εει
2380 3876 2544 3930 ‘nur'

1433 3949 1704 4005 stehende
1739 3951 1884 4005 nihil
1919 3952 2077 4006 aliud
2112 3967 2290 4021 quam.

1505 4075 1676 4128 EPIs‘r.
1716 4073 1863 4128 XIV.
1902 4080 2042 4141 (708.
2082 4076 2191 4143 46.)
2252 4075 2363 4128 Der
2398 4071 2557 4128 Brief

1431 4143 1512 4198 ist
1538 4162 1608 4198 zu
1633 4145 1777 4199 Rom
1806 4161 1988 4215 gegen
2015 4144 2173 4200 Ende
2193 4145 2240 4199 A
2281 4143 2354 4198 ril
2379 4143 2553 4213 „bald

1431 4218 1578 4270 nach
1615 4214 1742 4269 dem
1768 4214 2077 4271 Eintreffen
2104 4216 2204 4271 der
2270 4216 2552 4284 iegesbot-

1434 4285 1622 4341 schaft
1675 4302 1785 4342 von
1831 4286 2122 4356 Thapsus“
2168 4286 2550 4357 geschrieben.

1506 4382 1551 4430 1.
1567 4375 1898 4446 pervesperz]
1919 4375 2057 4430 fiber
2071 4374 2162 4431 die
2174 4375 2501 4430 Zusammen
2508 4392 2550 4427 8.
