3000 4917
442 203 574 268 194
1212 202 1348 260 LIB.
1384 204 1480 260 ΙΙΙ.
1543 204 1767 260 EPIST.
1805 211 1890 261 29.
1930 211 2017 262 30.

440 368 496 431 is
549 366 650 430 vir
703 366 807 430 vel
862 366 1061 430 etiam
1117 366 1163 430 ii
1219 366 1343 430 viri
1395 366 1521 431 hoe
1575 366 1750 432 bello
1803 367 2202 446 occiderunt,
2255 371 2332 433 ut
2378 369 2784 454 impudentia

440 455 735 519 videatur
790 454 1058 519 eandem
1112 453 1467 536 fortunam,
1525 456 1580 519 si
1625 477 1728 521 res
1782 461 2003 543 cogat,
2061 478 2374 523 recusare.
2469 459 2790 543 Equidem

442 542 606 608 mihi
653 544 872 608 omnia
914 564 1229 627 propon0,
1273 565 1393 608 nee
1438 543 1644 608 ullum
1693 548 1793 610 est
1836 549 2096 610 tantum
2137 547 2400 623 malum,
2449 548 2618 630 quod
2655 570 2790 613 non

439 636 662 716 putem
717 631 1111 714 impendere;
1168 630 1278 696 sed
1334 654 1478 696 eum
1536 633 1682 716 plus
1739 633 1809 697 in
1865 634 2207 699 metuendo
2257 635 2414 699 mali
2461 636 2547 699 sit
2593 658 2790 720 quam

440 724 509 787 in
553 721 695 805 ipso
741 720 885 805 illo,
940 720 1110 804 quod
1153 721 1446 801 timetur,
1490 726 1750 787 metuere
1795 722 2043 805 desino,
2098 724 2483 806 praesertim
2529 747 2677 789 cum
2726 726 2791 790 id

437 808 834 893 impendeat,
879 809 950 872 in
997 830 1125 892 quo
1170 830 1303 873 non
1351 809 1543 874 modo
1592 811 1779 875 dolor
1822 811 2068 894 nulluS,
2120 833 2343 876 verum
2389 813 2538 876 finis
2588 814 2786 878 etiam

440 898 682 963 doloris
736 896 992 962 futurus
1051 897 1153 962 sit.
1256 896 1379 962 Sed
1435 898 1595 962 haee
1652 901 1812 963 satis
1872 900 2079 964 multa
2131 900 2235 964 vel
2296 901 2487 984 plura
2549 902 2790 987 potius,

439 1009 634 1073 quam
680 1008 941 1051 neeesse
988 985 1143 1069 fuit3
1186 984 1346 1050 facit
1393 991 1611 1051 autem
1655 1009 1787 1053 non
1834 988 2196 1072 loquacitas
2235 1010 2397 1073 mea,
2443 990 2558 1054 sed
2596 990 2789 1056 bene-

436 1075 723 1141 volentia
767 1075 1093 1159 longiores
1142 1075 1477 1156 epistulas.

373 1161 418 1226 5
617 1161 913 1228 Servium
953 1162 1325 1227 discessisse
1356 1163 1633 1227 Athenis
1673 1165 1946 1229 moleste
1982 1165 2134 1249 tuli3
2172 1186 2306 1229 non
2335 1167 2511 1230 enim
2540 1167 2790 1252 dubito,

440 1254 597 1337 quin
663 1272 937 1334 magnae
1000 1252 1123 1315 tibi
1192 1252 1499 1316 levationi
1568 1253 1795 1316 solitus
1857 1253 1944 1317 sit
2007 1274 2149 1317 esse
2212 1254 2579 1320 cotidianus
2643 1278 2788 1321 eon-

437 1361 700 1425 gressus
755 1343 822 1403 et
878 1360 1089 1403 sermo
1145 1361 1290 1404 oum
1348 1340 1839 1405 familiarissimi
1882 1340 2193 1424 hominiS,
2251 1346 2393 1407 tum
2442 1345 2681 1426 optimi
2729 1350 2793 1410 et

435 1427 931 1514 prudentissimi
976 1429 1114 1492 viri.
1189 1428 1286 1492 Tu
1334 1429 1527 1493 velim
1574 1434 1657 1511 te,
1705 1435 1777 1493 ut
1829 1429 2023 1494 debes
2062 1434 2126 1494 et
2164 1432 2353 1515 soles,
2398 1436 2515 1496 tua
2552 1434 2794 1499 virtute

436 1520 792 1581 sustentes:
851 1536 1003 1600 egO,
1059 1538 1222 1600 quae
1277 1520 1342 1581 te
1397 1517 1569 1582 velle
1630 1539 1919 1601 quaeque
1967 1518 2050 1582 ad
2098 1525 2162 1581 te
2212 1524 2277 1583 et
2323 1519 2404 1583 ad
2450 1525 2605 1586 tuos
2655 1545 2792 1606 per-

436 1607 644 1670 tinere
701 1605 1098 1687 arbitrabor,
1154 1607 1376 1669 omnia
1431 1605 1716 1671 studiose
1776 1606 2244 1692 diligenterque
2300 1610 2569 1694 eurab03
2631 1632 2791 1694 quae

437 1716 583 1759 eum
638 1693 899 1775 faciam,
964 1694 1479 1759 benevolentiam
1535 1699 1718 1758 tuam
1773 1716 1928 1780 erga
1991 1717 2094 1759 me
2161 1696 2496 1781 imitabor,
2558 1701 2792 1764 merita

429 1804 566 1847 non
611 1804 935 1867 assequar.
1026 1781 1211 1846 Vale.

1311 2063 1664 2130 Ensrum
1713 2064 1912 2129 XXX.

1358 2204 1467 2274 (Ad
1495 2203 1630 2259 fam.
1658 2203 1752 2261 VI.
1783 2207 1857 2273 2.)

1034 2326 1107 2384 M.
1147 2325 1411 2382 CICERO
1453 2327 1508 2384 S.
1547 2328 1616 2382 D.
1652 2329 1718 2383 A.
1757 2327 2171 2393 TORQUATO.

346 2452 380 2515 1
609 2456 767 2521 Peto
816 2477 855 2518 a
891 2460 974 2540 te,
1019 2478 1102 2520 ne
1140 2477 1244 2519 me
1280 2460 1470 2539 putes
1511 2455 1841 2519 oblivione
1879 2455 1976 2520 tui
2011 2455 2223 2519 rarius
2263 2455 2342 2519 ad
2378 2461 2445 2519 te
2486 2457 2788 2541 seribere,

430 2569 624 2632 quam
671 2544 987 2628 solebam,
1046 2544 1157 2608 sed
1205 2547 1317 2608 aut
1363 2544 1688 2629 gravitate
1742 2542 2163 2627 valetudinis,
2210 2566 2337 2627 qua
2383 2548 2605 2609 tamen
2654 2546 2785 2610 iam

425 2635 692 2720 paulum
737 2632 960 2698 videor
1006 2632 1233 2712 levari,
1290 2636 1404 2696 aut
1448 2632 1620 2716 quod
1668 2633 1877 2696 absim
1924 2633 2005 2696 ab
2052 2631 2237 2716 urbe,
2283 2635 2382 2714 ut,
2430 2632 2541 2718 qui
2589 2634 2670 2698 ad
2718 2638 2784 2698 te

424 2723 938 2809 proficiscantur,
967 2720 1129 2785 scire
1157 2743 1290 2785 non
1318 2722 1598 2804 possim3
1627 2743 1823 2805 quare
1853 2721 2044 2785 velim
2066 2721 2160 2784 ita
2180 2724 2496 2785 statutum
2518 2721 2784 2807 habeas,

426 2835 527 2877 me
588 2812 684 2875 tui
750 2809 1131 2874 memoriam
1197 2830 1340 2873 cum
1403 2831 1657 2873 summa
1713 2810 2168 2874 benevolentia
2222 2811 2444 2874 tenere
2500 2814 2782 2895 tuasque

364 2893 405 2956 2
428 2921 651 2965 omnes
707 2919 810 2962 res
864 2919 999 2963 non
1055 2897 1288 2962 minori
1347 2898 1511 2962 mihi
1577 2920 1767 2963 curae
1832 2919 2029 2982 quam
2092 2919 2268 2962 meas
2334 2919 2491 2963 esse.
2594 2898 2784 2975 Quod

427 2989 674 3052 maiore
712 2988 781 3050 in
817 2986 1133 3051 varietate
1171 2990 1431 3051 versata
1468 2992 1568 3051 est
1604 2986 1816 3051 adhue
1853 2990 1969 3050 tua
2006 3007 2214 3069 eausa,
2253 3009 2447 3070 quam
2481 2987 2783 3053 homines

430 3080 545 3141 aut
589 3074 900 3140 volebant
945 3079 1060 3139 aut
1106 3075 1569 3159 opinabantur,
1616 3075 1779 3140 mihi
1825 3074 2041 3158 erede,
2098 3096 2229 3138 non
2276 3078 2376 3138 est
2422 3097 2538 3158 pro
2587 3078 2783 3141 malis

425 3303 517 3358 die
554 3303 738 3357 Natur
772 3319 823 3356 u.
856 3320 897 3357 e.
928 3320 994 3358 w.
1035 3332 1103 3342 —
1140 3302 1191 3356 is
1226 3301 1338 3372 vir]
1377 3301 1545 3355 Pom·
1654 3301 1962 3368 schrieben,
1992 3301 2076 3355 als
2097 3299 2288 3355 Cicero
2305 3302 2452 3355 nach
2473 3302 2604 3357 dem
2623 3303 2783 3360 Tode

422 3374 599 3444 peius,
651 3405 715 3413 —
764 3378 829 3427 ut
874 3374 1216 3442 impudentia
1260 3371 1398 3443 vid]
1447 3372 1547 3426 der
1660 3374 1841 3426 seiner
1876 3371 2116 3427 Toehter
2151 3371 2296 3426 Rom
2333 3373 2638 3428 verlassen.

421 3442 784 3515 pradikative
847 3444 1176 3498 Nominativ
1245 3444 1384 3497 statt
1446 3443 1546 3497 des
1730 3450 1777 3497 1.
1817 3447 1901 3497 ita
1935 3448 2059 3497 stat.
2096 3442 2319 3514 habeas]
2361 3460 2638 3513 synonym
2670 3446 2783 3499 mit

426 3518 582 3572 sonst
651 3516 710 3569 in
774 3515 955 3568 dieser
1018 3512 1384 3582 Verbindung
1449 3529 1544 3581 ge·
1653 3515 1735 3568 sic
1795 3515 1988 3568 habeto
2052 3539 2120 3557 ==
2175 3514 2546 3584 fiberzeugt
2612 3517 2779 3570 sein.

424 3585 827 3641 brauehliehen
873 3583 1054 3638 Genit.
1111 3584 1218 3637 wie
1265 3583 1334 3638 de
1383 3601 1437 3638 n.
1486 3583 1540 3637 d.
1651 3583 1791 3638 Eine
1840 3584 2045 3639 andere
2087 3582 2474 3654 Verstarkung
2518 3602 2632 3640 von
2677 3587 2780 3641 ha-

420 3657 516 3712 111.
548 3662 634 3712 34.
664 3661 757 3709 84:
796 3671 904 3709 esse
935 3655 1245 3723 stultitiam,
1281 3672 1318 3709 a
1343 3655 1544 3725 quibus
1652 3655 1771 3710 bere
1809 3681 1876 3700 =
1914 3657 2052 3709 scire
2086 3654 2146 3708 in
2190 3656 2291 3710 hoc
2333 3661 2538 3710 certum
2582 3657 2781 3712 habeto

423 3730 568 3784 bona
596 3741 966 3797 precam-emm,
1003 3726 1073 3779 ab
1111 3727 1184 3779 iis
1203 3726 1541 3797 porriyenti-
1648 3725 1803 3781 Fam.
1840 3724 1909 3778 X.
1948 3731 2033 3779 28.
2073 3731 2122 3780 3.

422 3801 522 3855 bus
567 3799 709 3853 nolle
754 3813 972 3852 sumere.
1022 3827 1089 3836 —
1134 3798 1266 3864 finis
1308 3796 1537 3867 doloris]
1721 3801 1770 3850 2.
1812 3797 2096 3867 varietate]
2134 3794 2239 3849 Die
2266 3798 2508 3852 varietas
2534 3798 2781 3853 bestand

421 3871 583 3925 Tuse.
613 3869 653 3924 I.
686 3874 771 3925 42.
804 3873 931 3922 100:
965 3885 1096 3923 nam
1130 3869 1277 3922 vitae
1316 3869 1543 3922 miserae
1651 3865 1828 3934 darin,
1873 3866 1995 3921 dass
2029 3865 2148 3921 ihm
2184 3884 2291 3920 nur
2325 3867 2582 3936 langsam
2622 3868 2781 3924 eines

419 3957 563 3997 mors
598 3941 730 4008 finis
764 3955 873 3995 esse
906 3939 1134 3994 videtwr.
1408 3992 1414 4000 ,
1647 3938 1792 3992 nach
1883 3937 2011 3991 dem
2095 3938 2305 3992 andern
2388 3939 2781 4006 zugestanden

494 4018 540 4066 5.
582 4011 854 4081 Servium]
894 4009 1165 4064 Derselbe
1211 4027 1326 4064 war
1362 4008 1541 4063 Statt-
1649 4007 1859 4062 wurde.
1905 4007 2033 4063 Von
2062 4009 2161 4063 der
2187 4006 2304 4062 ihm
2324 4009 2653 4078 gegebenen
2670 4009 2783 4063 Er-

419 4082 607 4137 halter
659 4082 718 4136 in
760 4082 1002 4149 thaja3
1058 4081 1275 4135 damals
1329 4078 1541 4134 hielten
1648 4079 1869 4133 laubnis
1882 4121 1897 4146 ‚
1952 4080 2098 4133 nach
2144 4079 2348 4134 Italien
2405 4080 2565 4148 (aber
2613 4081 2783 4134 nieht

421 4153 521 4206 ihn
549 4152 668 4208 also
707 4152 859 4207 seine
890 4151 1187 4207 Gesohafte
1225 4167 1335 4206 von
1353 4151 1541 4204 Athen
1647 4149 1795 4204 naeh
1842 4151 2006 4219 Rom)
2056 4168 2124 4203 zu
2168 4151 2458 4216 kommen,
2503 4150 2664 4212 hatte
2714 4168 2782 4206 er

420 4221 558 4276 fern.
1647 4220 1857 4274 bereits
1887 4219 2180 4274 Gebrauoh
2205 4220 2486 4290 gemacht,
2523 4222 2631 4276 wie
2669 4237 2781 4277 aus

492 4290 664 4344 Emer.
703 4292 873 4347 XXX.
915 4296 1056 4361 (709.
1077 4294 1186 4362 46.)
1242 4292 1354 4347 Der
1392 4290 1548 4346 Brief
1650 4290 1759 4345 den
1806 4290 2244 4346 Sohlul'sworten
2295 4293 2393 4346 des
2428 4290 2642 4347 Briefes
2687 4298 2782 4359 ut,

422 4359 501 4413 ist
552 4379 644 4414 um
702 4362 792 4416 die
837 4364 1003 4418 Mitte
1053 4363 1151 4416 des
1197 4363 1398 4417 Jahres
1446 4377 1542 4430 ge·
1648 4378 1754 4430 quo
1798 4363 2085 4430 veniam,
2130 4364 2268 4418 scire
2294 4363 2502 4433 possim
2538 4364 2782 4418 hervor-

2954 262 2963 485 Ι
