3000 4917
435 232 524 295 46
1292 230 1427 286 LIB.
1465 229 1508 286 L
1573 229 1795 287 EPIST.
1838 236 1919 287 17.

436 400 666 460 notum
704 395 1236 479 exploratumque
1275 397 1376 458 est
1411 393 1601 476 mihi3
1638 415 1757 458 nec
1792 393 1857 457 id
1895 394 2157 478 mirum3
2194 416 2349 457 nam
2386 415 2530 459 cum
2570 395 2798 459 omnia

437 507 583 548 mea
628 505 824 548 causa
870 483 1068 549 velles
1114 482 1277 547 mihi
1323 504 1646 567 successa,
1689 487 1832 546 tum
1878 482 2078 548 etiam
2121 486 2265 566 tua3
2322 483 2567 548 socium
2618 484 2795 548 enim

437 581 504 638 te
549 594 839 637 meorum
887 572 1374 636 commodorum
1421 593 1676 656 semper
1720 593 1862 635 esse
1905 572 2100 637 volui.

358 664 399 729 3
615 661 935 738 Quoniam
989 662 1195 746 igitur
1249 666 1390 725 tum
1445 681 1524 724 ex
1582 682 1684 724 me
1740 660 2035 744 doluisti,
2089 681 2260 724 nunc
2302 664 2379 725 ut
2423 660 2794 744 duplicetur

438 755 624 815 tuum
678 773 755 815 ex
810 772 915 814 me
965 750 1305 835 gaudium,
1359 749 1731 832 praestabo.
1823 749 2131 833 Cratippo
2179 771 2283 813 me
2328 750 2490 813 scito
2537 771 2672 813 non
2719 754 2798 813 ut

437 839 859 923 discipulum,
932 838 1045 902 sed
1109 841 1185 902 ut
1253 838 1462 901 filium
1527 859 1668 902 esse
1733 838 2358 923 coniunctissimum3
2421 859 2576 902 nam
2642 860 2797 903 cum

437 928 630 992 audio
695 928 884 992 illum
941 927 1245 1010 libenter,
1317 929 1455 990 tum
1523 927 1724 992 etiam
1791 927 2124 1010 propriam
2190 927 2330 992 eius
2395 928 2796 992 suavitatem

440 1017 859 1081 vehementer
907 1016 1288 1099 amplector:
1327 1036 1472 1079 sum
1507 1018 1685 1080 totos
1724 1015 1859 1079 dies
1897 1037 2041 1080 cum
2081 1038 2157 1081 eo
2195 1015 2534 1100 noctisque
2571 1038 2797 1101 saepe-

438 1127 709 1170 numero
747 1108 1030 1189 partem3
1078 1125 1273 1168 exoro
1311 1104 1504 1187 enim,
1539 1109 1614 1168 ut
1648 1126 1895 1169 mecum
1934 1126 2128 1188 quam
2165 1105 2547 1188 saepissime
2586 1109 2795 1169 cenet.

437 1194 580 1258 Hac
606 1194 981 1258 introducta
1009 1193 1475 1257 consuetudine
1507 1215 1698 1279 saepe
1725 1194 2146 1258 inscientibus
2175 1193 2366 1257 nobis
2404 1197 2472 1256 et
2507 1195 2796 1258 cenanti-

437 1283 557 1347 bus
604 1282 878 1363 obrepit
942 1282 1326 1366 sublataque
1393 1284 1738 1347 severitate
1800 1282 2255 1367 philosophiae
2317 1281 2793 1346 humanissime

437 1371 782 1436 nobiscum
838 1372 1105 1436 iocatur.
1208 1370 1418 1447 Quare
1482 1370 1567 1434 da
1630 1392 1921 1455 operam,
1982 1374 2057 1434 ut
2124 1370 2295 1435 hunc
2357 1372 2587 1449 talem,
2650 1376 2793 1436 tam

347 1465 392 1529 4
436 1460 804 1542 iucundum,
854 1463 990 1524 tam
1037 1460 1453 1524 excellentem
1500 1461 1715 1525 virum
1752 1460 1970 1524 videas
2008 1481 2204 1544 quam
2240 1459 2542 1543 primum.
2614 1458 2794 1524 Nam

440 1548 595 1633 quid
641 1569 765 1635 ego
813 1548 892 1612 de
929 1547 1187 1613 Bruttio
1234 1548 1489 1612 dicam?
1538 1570 1728 1632 quem
1774 1548 1953 1612 nullo
1999 1552 2291 1631 tempore
2339 1571 2378 1613 a
2422 1571 2527 1614 me
2570 1549 2794 1633 patior

437 1637 782 1721 discedere,
827 1638 1007 1702 cuius
1045 1660 1191 1702 cum
1227 1637 1406 1722 frugi
1442 1658 1792 1722 severaque
1829 1641 1931 1701 est
1964 1638 2117 1718 vita,
2150 1640 2292 1701 tum
2329 1639 2525 1702 etiam
2561 1640 2794 1703 iucun-

437 1726 705 1791 dissima
767 1726 1119 1810 convicti03
1175 1748 1309 1790 non
1365 1730 1467 1790 est
1523 1726 1697 1790 enim
1743 1726 2068 1790 seiunctus
2114 1726 2293 1791 iocus
2341 1749 2381 1790 a
2425 1731 2790 1814 φιλολογίᾳ

436 1820 502 1880 et
542 1815 885 1881 cotidiana
938 1814 1301 1898 συζητήσει.
1392 1814 1562 1880 Huic
1618 1836 1740 1900 ego
1793 1815 2005 1879 locum
2048 1815 2120 1878 in
2163 1815 2459 1899 proximo
2505 1816 2788 1881 conduxi

435 1909 528 1987 et,
595 1907 666 1968 ut
718 1925 1010 1988 possum,
1075 1925 1153 1968 ex
1207 1904 1367 1968 meis
1425 1904 1747 1989 angustiis
1801 1904 1977 1967 illius
2033 1908 2327 1968 sustento
2380 1903 2790 1969 tenuitatem.

353 1997 397 2064 5
433 1991 781 2057 Praeterea
845 1993 1261 2058 declamitare
1317 1992 1562 2057 Graece
1623 1992 1795 2076 apud
1851 1989 2151 2057 Cassium
2209 1993 2491 2075 institui3
2556 1993 2789 2058 Latine

435 2086 651 2145 autem
724 2081 894 2163 apud
957 2079 1290 2146 Bruttium
1354 2083 1638 2146 exerceri
1711 2082 1881 2146 volo.
1996 2080 2158 2145 Utor
2219 2081 2653 2146 familiaribus
2721 2087 2789 2148 et

434 2168 778 2233 cotidianis
834 2170 1341 2253 convictoribus,
1395 2192 1557 2253 quos
1614 2191 1831 2234 secum
1886 2169 2228 2251 Mytilenis
2276 2169 2627 2254 Cratippus
2676 2172 2788 2236 ad-

435 2257 636 2335 duxit,
680 2257 1055 2323 hominibus
1092 2263 1157 2323 et
1194 2259 1403 2323 doctis
1442 2263 1509 2324 et
1544 2259 1645 2323 illi
1685 2258 2184 2342 probatissimis.
2257 2258 2539 2324 Multum
2587 2261 2789 2325 etiam

433 2368 686 2411 mecum
742 2349 843 2411 est
886 2347 1255 2432 Epicrates,
1307 2349 1609 2432 princeps
1661 2346 2186 2430 Atheniensium,
2242 2351 2309 2412 et
2360 2346 2675 2414 Leonides
2722 2354 2791 2414 et

354 2433 395 2497 6
434 2437 667 2501 horum
704 2437 903 2501 ceteri
941 2437 1204 2502 similes.
1284 2432 1378 2500 Τὰ
1416 2433 1542 2521 μὲν
1580 2425 1707 2501 οὖν
1742 2431 1899 2501 καθ’
1947 2431 2118 2520 ἡμᾶς
2152 2433 2330 2501 τάδε.
2402 2436 2502 2500 De
2543 2438 2790 2522 Gorgia

435 2528 652 2590 autem
700 2526 868 2610 quod
915 2526 1077 2590 mihi
1124 2526 1382 2610 scribis,
1440 2530 1580 2590 erat
1626 2525 1884 2609 quidem
1930 2526 2042 2589 ille
2088 2526 2159 2590 in
2204 2525 2532 2590 cotidiana
2579 2527 2789 2591 decla-

433 2616 719 2679 matione
784 2616 994 2698 utilis,
1060 2616 1173 2679 sed
1235 2615 1455 2679 omnia
1518 2616 1887 2699 postposui,
1951 2614 2101 2679 dum
2166 2615 2357 2679 modo
2420 2616 2788 2699 praeceptis

432 2704 638 2787 patris
686 2726 1007 2787 parerem3
1055 2700 1431 2788 διαῤῥήδην
1470 2705 1643 2768 enim
1683 2704 2052 2788 scripserat,
2097 2708 2170 2769 ut
2208 2726 2355 2768 eum
2394 2704 2790 2769 dimitterem

434 2912 700 2981 irrungen
721 2912 817 2965 des
831 2913 1047 2981 jungen
1063 2910 1254 2966 Cicero
1272 2912 1553 2981 empfand.
1665 2914 1765 2968 auf
1805 2914 2016 2969 Lesbos
2061 2932 2177 2969 war
2222 2913 2638 2984 Peripatetiker
2672 2916 2789 2970 und

436 2980 824 3036 Andererseits
870 2999 987 3035 war
1032 2984 1131 3037 der
1176 2988 1349 3052 „gnte
1388 2983 1556 3038 Tiro⁸‘
1665 2986 1755 3039 die
1802 2986 1996 3039 Zierde
2047 2985 2148 3039 des
2193 2985 2515 3056 damaligen
2551 2986 2786 3044 Athena

436 3051 632 3122 gewiss
662 3052 806 3106 auch
838 3053 1140 3123 derjenige,
1180 3053 1273 3108 bei
1301 3054 1431 3108 dem
1458 3054 1559 3110 der
1669 3056 1774 3111 Off.
1812 3055 1907 3111 III.
1944 3061 1995 3112 2.
2036 3062 2093 3111 5:
2133 3075 2169 3111 a
2208 3056 2500 3126 Cratippe,
2527 3059 2790 3127 principe

429 3124 671 3192 jungere
709 3122 903 3177 Cicero
940 3126 1001 3177 in
1037 3126 1221 3179 Freud
1264 3125 1380 3178 und
1415 3125 1558 3180 Leid
1666 3128 1832 3183 huius
1858 3129 2146 3182 memoriae
2170 3129 2643 3197 plvilosophorum‚·
2679 3129 2790 3199 vgl.

437 3194 578 3248 stets
617 3193 710 3248 ein
743 3194 983 3264 williges
1014 3195 1130 3250 Ohr
1155 3196 1308 3251 fand.
1340 3228 1407 3236 —
1437 3214 1560 3251 cum
1669 3196 1772 3252 Off.
1803 3200 1841 3252 Ι.
1874 3205 1923 3253 1.
1958 3203 2012 3264 13
2051 3198 2119 3253 II.
2157 3204 2206 3253 2.
2248 3205 2297 3253 8.
2338 3229 2407 3238 —
2441 3200 2790 3272 introducta]

434 3266 593 3321 velles
670 3265 764 3320 bei
801 3282 924 3321 cum
963 3297 1025 3305 —
1065 3273 1181 3322 tum
1218 3269 1371 3323 steht
1406 3271 1561 3323 sonst
1668 3269 1856 3323 besser
1911 3268 2062 3324 steht
2106 3269 2164 3323 in
2216 3270 2397 3324 dieser
2450 3270 2791 3342 Bedeutung

434 3353 541 3390 nur
614 3354 726 3391 ann
764 3337 865 3392 das
903 3339 1050 3392 erste
1079 3337 1247 3393 Glied
1284 3339 1391 3392 mit
1430 3340 1558 3393 dem
1664 3341 1962 3395 instituere.

435 3408 621 3478 Konj.,
650 3425 812 3463 wenn
840 3408 933 3462 ein
951 3406 1178 3463 innerer
1200 3410 1558 3464 Zusammen-
1735 3416 1784 3463 4.
1805 3410 2057 3483 Bruttio]
2078 3409 2330 3465 Bruttius
2348 3412 2466 3466 und
2485 3413 2585 3467 der
2602 3414 2782 3468 unten

435 3481 590 3548 hang
661 3479 939 3535 zwischen
1017 3480 1220 3535 beiden
1292 3481 1558 3535 Gliedern
1665 3485 1948 3551 genannte
1970 3481 2193 3537 Cassius
2218 3499 2407 3537 waren
2425 3482 2648 3554 Romer,
2676 3501 2789 3539 von

438 3550 754 3605 stattfindet
807 3550 1168 3606 koncessiver
1231 3551 1366 3606 oder
1420 3552 1556 3606 kau-
1666 3554 1848 3608 denen
1883 3553 1983 3607 det
2021 3557 2228 3608 erstere
2267 3554 2646 3623 Grammatik,
2687 3555 2789 3609 der

436 3623 585 3677 saler
637 3618 769 3687 Art,
823 3622 941 3676 und
997 3622 1096 3677 das
1149 3622 1347 3677 zweite
1392 3622 1558 3678 Glied
1664 3624 1869 3679 andere
1951 3623 2376 3679 Beredsamkeit
2459 3624 2518 3679 in
2601 3626 2788 3681 Athen

434 3694 555 3749 sein
590 3693 817 3761 eigenes
856 3693 1103 3748 Verbum
1139 3693 1256 3749 hat.
1314 3725 1381 3734 -
1435 3711 1558 3749 sac·
1662 3693 1861 3751 lehrte.
1910 3726 1979 3735 --
2032 3697 2305 3766 anqustiis
2367 3712 2477 3751 von
2512 3696 2641 3751 dem
2678 3714 2787 3752 we-

436 3766 608 3835 cessa]
647 3763 839 3833 passiv
868 3767 1010 3819 statt
1037 3765 1381 3822 successisse.
1434 3766 1555 3819 Liv.
1662 3766 1835 3835 nigen
1872 3768 1978 3836 (ἲ),
2025 3783 2141 3820 was
2189 3766 2289 3820 der
2376 3767 2499 3822 ater
2533 3767 2656 3821 ihm
2694 3767 2788 3821 be-

436 3842 485 3890 2.
514 3840 603 3891 45.
633 3841 665 3889 5
695 3836 944 3890 absolut:
971 3838 1116 3891 nolle
1131 3838 1340 3892 inultos
1366 3838 1557 3902 hostes,
1665 3838 1884 3907 willigt.

434 3909 577 3962 nolle
632 3923 933 3962 successim
981 3924 1096 3962 non
1131 3909 1395 3977 patribus
1442 3923 1558 3961 non
1738 3914 1787 3964 ὅ,
1869 3907 2189 3979 Epicrates]
2280 3907 2371 3962 ein
2455 3909 2789 3963 vomehmer

437 3978 764 4033 consulibus.
1663 3978 1915 4032 Athener
1954 3981 2157 4047 (princ.
2196 3978 2416 4049 Athen.)
2429 4022 2444 4050 ,
2489 3981 2596 4034 wie
2641 3981 2787 4034 auch

1664 4050 1958 4114 Leonides,
2024 4051 2124 4104 der
2186 4050 2315 4103 dem
2372 4051 2546 4104 Vater
2606 4051 2786 4120 regel-

510 4122 560 4171 3.
633 4134 701 4173 ex
770 4136 852 4174 me
915 4119 1167 4190 doluisti]
1233 4118 1345 4173 Cic.
1399 4117 1554 4172 Brut.
1666 4120 1872 4191 massig
1908 4122 2047 4176 fiber
2083 4120 2192 4175 den
2222 4121 2439 4190 jungen
2467 4121 2661 4176 Cicero
2691 4122 2787 4176 be-

438 4193 468 4253 §
498 4193 628 4241 3322
666 4205 733 4242 ex
759 4197 811 4245 te
837 4193 1043 4260 duplex
1068 4207 1169 4245 nos
1196 4191 1374 4257 afficit
1406 4191 1558 4245 solli·
1665 4191 1931 4261 richtete,
1977 4192 2111 4246 aber
2148 4192 2360 4247 seinem
2395 4192 2549 4248 Lobe
2585 4190 2787 4246 immet

438 4259 641 4314 eitado.
700 4291 767 4300 —
824 4268 979 4316 tuum
1023 4279 1090 4317 ex
1133 4278 1215 4316 me
1261 4262 1554 4332 qaudium]
1665 4262 1942 4333 beift‘igte:
1998 4265 2260 4333 quomodo
2304 4280 2455 4318 nwnc
2498 4268 2601 4329 est,
2651 4264 2789 4318 oder

438 4346 480 4383 s.
519 4348 563 4385 z.
603 4328 669 4384 II.
709 4337 794 4385 28.
837 4338 928 4385 13:
983 4334 1109 4388 hon.
1147 4350 1184 4387 a
1225 4338 1436 4386 senatu.
1490 4364 1555 4373 —
1668 4335 1863 4389 adhuc.
1904 4334 2044 4401 (Att.
2082 4335 2228 4390 XIV.
2271 4340 2352 4389 16.
2399 4335 2518 4389 XV.
2560 4337 2664 4401 16.)

441 4399 729 4469 Cratippo]
789 4399 1087 4471 Cratippus
1141 4418 1241 4457 aus
1291 4401 1560 4471 Mytilene
1742 4411 1789 4461 6.
1863 4405 1952 4460 De
2030 4404 2263 4476 Goryia]
2342 4422 2384 4460 s.
2449 4405 2641 4461 Vrbm.
2717 4435 2790 4447 --
