3000 4917
986 226 1045 282 L.
1082 225 1455 282 MUNATIUS
1492 225 1841 284 PLANCUS.

2460 229 2592 294 235

241 390 502 456 Placuit
561 390 778 474 nobiS,
851 394 925 454 ut
989 390 1211 455 statim
1276 389 1357 454 ad
1422 386 1780 455 Cornutum
1845 395 2208 474 praetorem
2270 394 2589 458 urbanum
2609 395 2651 461 3

243 480 508 545 litteras
588 480 1002 562 deferremus,
1078 479 1214 564 qui,
1279 478 1449 563 quod
1513 478 1812 543 consules
1885 480 2181 563 aberant,
2255 482 2590 547 consulare

248 590 486 633 munus
544 568 908 633 sustinebat
967 588 1145 632 more
1199 568 1536 632 maiorum.
1627 565 1899 633 Senatus
1946 574 2046 633 est
2090 570 2395 634 continuo
2445 592 2590 635 con-

242 660 514 724 vocatus
569 657 990 743 frequensque
1049 656 1350 721 convenit
1403 658 1669 739 propter
1723 656 1966 721 famam
2023 662 2215 741 atque
2261 663 2591 743 exspecta-

245 747 496 812 tionem
559 749 817 811 tuarum
878 745 1262 810 litterarum.
1369 744 1687 809 Recitatis
1752 745 1987 810 litteris
2061 746 2283 811 oblata
2355 747 2588 831 religio

245 833 541 901 Cornuto
598 838 700 899 est
752 834 1179 918 pullariorum
1235 832 1599 916 admonitu,
1656 856 1786 898 non
1842 834 2005 899 satis
2054 835 2397 921 diligenter
2443 858 2589 900 eum

248 923 559 1008 auspiciis
606 944 872 1008 operam
909 922 1176 1003 dedisse,
1221 921 1414 1006 idque
1452 945 1491 986 a
1528 925 1751 987 nostro
1789 923 2061 1008 collegio
2099 925 2588 1008 comprobatum

245 1014 374 1095 est3
429 1013 650 1096 itaque
697 1033 802 1076 res
850 1011 1051 1077 dilata
1097 1010 1312 1097 est-in
1356 1014 1706 1095 posterum.
1792 1011 1892 1077 Eo
1941 1017 2157 1077 autem
2204 1013 2305 1077 die
2352 1032 2590 1097 magna

249 1101 419 1166 mihi
463 1123 582 1184 pro
629 1103 745 1166 tua
792 1100 1110 1185 dignitate
1155 1100 1483 1165 contentio
1522 1122 1668 1164 cum
1708 1097 2002 1183 Servilio,
2047 1102 2157 1186 qui
2193 1124 2338 1166 cum
2375 1102 2590 1186 gratia

243 1190 585 1271 effecisset,
631 1192 705 1254 ut
746 1212 863 1254 sua
901 1189 1221 1253 sentent-ia
1256 1188 1468 1272 prima
1502 1189 2048 1272 pronuntiaretur,
2091 1189 2395 1274 frequens
2442 1212 2587 1255 eum

242 1283 510 1344 senatus
557 1278 818 1363 reliquit
864 1280 930 1342 et
975 1278 1042 1342 in
1082 1277 1210 1342 alia
1248 1278 1465 1342 omnia
1502 1277 1817 1360 discessit,
1863 1300 2168 1363 meaeque
2208 1279 2588 1363 sententiae,

243 1389 413 1453 quae
479 1367 759 1432 secunda
822 1366 1243 1451 pronuntiata
1307 1368 1471 1449 erat,
1536 1388 1682 1430 cum
1740 1364 2110 1450 frequenter
2166 1368 2590 1433 assentiretur

243 1459 539 1540 senatus,
594 1459 832 1539 rogatu
878 1453 1132 1521 Servilii
1177 1453 1245 1518 P.
1293 1454 1501 1519 Titius
1547 1455 1937 1519 intercessit:
1995 1477 2099 1519 res
2145 1455 2213 1519 in
2257 1461 2587 1541 posterum
2608 1459 2652 1522 4

242 1544 465 1609 dilata.

563 1543 763 1609 Venit
816 1548 1082 1629 paratus
1140 1541 1474 1626 Servilius,
1538 1542 1680 1607 Iovi
1739 1542 1865 1626 ipsi
1925 1544 2212 1628 iniquus,
2275 1546 2454 1610 cuius
2518 1546 2589 1609 in

248 1634 497 1716 templo
536 1655 639 1697 res
678 1633 1012 1718 agebatur.
1076 1631 1266 1696 Hunc
1302 1631 1841 1715 quemadmodum
1878 1631 2186 1716 fregerim
2222 1637 2587 1717 quantaque

248 1722 664 1788 contentione
692 1721 938 1786 Titium
966 1722 1455 1786 intercessorem
1482 1720 1844 1803 abiecerim,
1872 1742 1947 1784 ex
1970 1721 2244 1786 aliorum
2262 1725 2331 1787 te
2350 1722 2587 1786 litteris

240 1811 416 1876 malo
474 1830 884 1895 cognoscere;
941 1832 1140 1874 unum
1195 1809 1319 1874 hoc
1375 1831 1450 1873 ex
1509 1808 1699 1873 meis:
1772 1813 2032 1874 senatus
2090 1810 2373 1895 gravior,
2438 1832 2588 1876 con-

241 1899 545 1984 stantior,
592 1898 860 1964 amicior
893 1900 1024 1963 tuis
1061 1898 1360 1963 laudibus
1399 1919 1541 1962 esse
1577 1919 1710 1962 non
1745 1898 1977 1983 potuit,
2023 1921 2218 1984 quam
2254 1902 2395 1963 tum
2432 1899 2587 1982 fuit3

246 2009 372 2054 nec
415 2009 567 2053 vero
612 1988 736 2053 tibi
783 1992 1044 2053 senatus
1092 1987 1361 2051 amicior
1398 2008 1591 2071 quam
1629 1991 1861 2052 cuncta
1898 1987 2157 2072 civitas3
2205 1988 2590 2053 mirabiliter

242 2077 417 2142 enim
473 2078 749 2161 populus
806 2076 1135 2141 Romanus
1194 2076 1532 2140 universus
1588 2079 1653 2140 et
1708 2077 1998 2140 omnium
2055 2097 2363 2160 generum
2425 2077 2588 2143 ordi-

240 2187 529 2250 numque
584 2186 934 2235 consensus
991 2164 1073 2230 ad
1128 2165 1530 2229 liberandam
1585 2186 1723 2229 rem
1782 2165 2110 2250 publicam
2173 2166 2587 2250 conspiravit.

425 2253 629 2340 Perge
674 2255 902 2339 igitur,
947 2256 1021 2317 ut
1068 2254 1234 2339 agie,
1274 2275 1635 2338 nomenque
1679 2258 1863 2318 tuum
1910 2254 2288 2319 commenda
2332 2256 2588 2319 immor·
2609 2256 2650 2321 5

239 2343 519 2427 talitati,
573 2347 766 2427 atque
819 2343 981 2408 haec
1036 2342 1279 2427 omnia,
1336 2364 1499 2427 quae
1553 2342 1794 2407 habent
1841 2343 2121 2425 speciem
2167 2343 2413 2427 gloriae
2461 2344 2588 2408 col-

237 2571 327 2610 1116
373 2552 440 2608 D.
482 2554 683 2608 Brutus
727 2569 800 2607 an
847 2551 1039 2608 Cicero
1086 2552 1354 2607 schreibt:

244 2626 321 2680 ad
362 2630 616 2680 senatum
662 2640 800 2694 quas
835 2625 1046 2679 litteras
1080 2625 1231 2691 misi,
1277 2640 1361 2679 ve-

243 2698 343 2751 lim
388 2697 554 2764 prius
604 2699 849 2767 perleyas
903 2701 955 2750 et
1004 2696 1056 2749 si
1101 2712 1213 2764 qua
1258 2695 1362 2750 tibi

241 2768 575 2824 videbwntur
609 2771 908 2822 commutes.

311 2843 363 2893 3.
415 2836 743 2909 Cornutum]
792 2835 892 2891 Als
929 2836 1162 2892 Praetor
1196 2837 1361 2891 urba-

239 2926 345 2964 6116
382 2927 500 2963 war
525 2908 599 2962 M.
630 2907 905 2963 Cornutus
939 2907 1033 2962 bei
1059 2909 1360 2963 Abwesen-

239 2981 364 3037 heit
399 2980 498 3034 der
532 2979 689 3034 Koss.
720 2979 818 3033 der
854 2980 1000 3034 erste
1033 2980 1263 3034 Beamte
1300 2978 1360 3032 in

238 3055 341 3107 der
386 3050 568 3106 Stadt.
616 3081 685 3092 —
730 3051 914 3106 oblata
962 3093 975 3106 .
1022 3051 1122 3121 est]
1172 3049 1362 3104 wurde

237 3121 629 3192 vorgehalten.
682 3151 750 3162 —-
797 3122 1195 3193 pullariorum]
1255 3119 1360 3175 Die

236 3194 478 3266 pullarii
540 3194 821 3248 erklarten
883 3194 1004 3248 also
1068 3210 1169 3247 6116
1233 3193 1360 3247 dem

240 3267 478 3321 Fressen
515 3264 614 3318 der
647 3263 781 3320 heil.
818 3262 1064 3332 Hfihner,
1109 3263 1230 3317 dass
1267 3262 1359 3317 bei

240 3338 353 3392 den
401 3335 727 3405 Auspicien,
785 3334 874 3390 die
932 3335 1031 3390 der
1074 3333 1361 3405 Berufung

248 3408 350 3461 der
403 3406 635 3461 Senates
688 3407 1047 3476 vorangehen
1101 3406 1362 3469 mussten,

249 3493 362 3535 von
396 3474 669 3533 Cornutus
706 3477 796 3533 ein
832 3476 1034 3533 Fehler
1068 3478 1362 3547 begangen

246 3548 488 3605 worden.
603 3549 715 3604 Das
800 3548 1362 3618 Augurnkollegium,

246 3622 413 3675 unter
474 3619 663 3675 diesen
726 3621 873 3675 auch
928 3617 1145 3687 Cicero,
1202 3620 1362 3674 116116

242 3692 397 3747 11666
422 3692 562 3746 fiber
589 3690 679 3746 die
701 3690 878 3747 Sache
899 3709 965 3744 zu
985 3691 1361 3746 entecheiden.

242 3793 313 3804 —
352 3779 474 3818 cum
509 3761 765 3833 Servilio]
804 3762 865 3815 P.
896 3761 1164 3816 Servilius
1192 3762 1363 3815 Vatia

238 3832 544 3901 Isauricus,
594 3834 724 3888 Kos.
773 3833 824 3887 11.
872 3833 921 3886 J.
968 3838 1064 3901 48,
1112 3848 1227 3887 war
1273 3833 1364 3887 ein

242 3905 468 3975 Gegner
540 3904 640 3958 1161
706 3904 1010 3959 masslosen
1070 3901 1366 3973 Erteilung

241 3973 600 4032 offentlicher
624 3976 989 4045 Belobungen
1025 3976 1108 4045 (61
1140 3973 1364 4030 16661116

242 4047 392 4103 611611
457 4047 584 4100 11661
639 4046 879 4102 Plancus
934 4045 1094 4100 nicht
1144 4048 1364 4113 trauen)

240 4117 361 4173 und
399 4115 562 4171 hatte
600 4134 657 4173 66
694 4118 870 4173 durch
906 4117 1097 4172 seinen
1133 4116 1366 4172 Einflufe

238 4193 270 4256 (
302 4189 478 4256 ratia)
535 4188 627 4243 bei
673 4188 976 4256 Cornutus,
1035 4188 1134 4242 der
1185 4206 1367 4259 gegen

294 4259 494 4315 lancus
566 4259 867 4330 feindselig
939 4259 1165 4328 gesinnt
1234 4276 1364 4327 war,

243 4330 665 4400 durchgeeetzt,
712 4330 836 4385 dass
883 4331 1002 4385 sein
1046 4346 1229 4401 gegen
1275 4329 1366 4386 die

244 4400 547 4472 Erteilung
618 4403 772 4458 einer
843 4400 1200 4457 offentlichen
1261 4400 1366 4455 Be·

1470 2551 1684 2621 lobung
1746 2550 2088 2621 gerichteter
2140 2553 2356 2621 Antrag
2410 2554 2590 2607 zuerst

1468 2641 1565 2677 zur
1620 2622 2018 2693 Abstimmung
2071 2625 2343 2693 gebracht
2397 2624 2587 2678 wurde

1471 2697 1560 2762 (ut
1602 2700 1735 2749 seut.
1774 2696 1943 2764 prim.
1972 2696 2478 2765 pronuntiaretur).
2517 2726 2588 2735 —

1467 2768 1534 2820 iu
1569 2767 1686 2820 alia
1723 2768 1910 2821 omnia
1954 2766 2220 2837 discessit]
2275 2767 2458 2820 Wenn
2495 2765 2587 2821 die

1469 2836 1761 2891 einzelnen
1799 2837 2105 2892 Senatoren
2139 2839 2461 2892 senteutiam
2496 2854 2586 2892 ro-

1466 2909 1589 2978 yati
1624 2907 1743 2962 ihre
1781 2907 2016 2962 Ansicht
2051 2909 2189 2963 fiber
2225 2908 2332 2963 den
2369 2909 2588 2978 Gegen·

1470 2978 1636 3032 stand
1726 2979 1826 3033 der
1906 2978 2308 3047 Verhandlung
2395 2996 2589 3049 ausge-

1469 3049 1767 3118 eprochen,
1813 3049 1929 3103 und
1975 3048 2066 3104 die
2114 3050 2292 3105 Sache
2338 3069 2435 3104 zur
2476 3051 2589 3106 Ab·

1470 3121 1783 3190 stimmung
1818 3120 1931 3175 reif
1961 3136 2091 3189 war,
2125 3122 2280 3191 16316
2317 3123 2417 3177 1161
2445 3123 2585 3177 Vor-

1469 3191 1716 3247 sitzende
1789 3192 1917 3246 dem
1984 3192 2187 3247 Senate
2260 3193 2422 3248 einen
2489 3194 2588 3248 der

1468 3261 1772 3332 gestellten
1833 3261 2082 3332 Anti-age
2147 3280 2248 3318 vor
2309 3264 2417 3317 mit
2481 3264 2587 3319 den

1469 3335 1726 3389 Worten:
1771 3336 1870 3404 qui
1902 3335 2033 3390 haec
2066 3335 2279 3389 sentitis
2293 3375 2312 3401 ,
2345 3335 2411 3388 in
2443 3334 2589 3389 haue

1461 3411 1706 3476 partem,
1752 3407 1851 3474 qui
1899 3407 2016 3460 alia
2060 3405 2273 3472 omnia,
2325 3405 2390 3459 in
2432 3406 2588 3461 illam

1465 3483 1681 3545 partem
1715 3479 1816 3544 ite;
1862 3476 2080 3531 worauf
2110 3475 2457 3546 diejenigen‚
2495 3476 2587 3531 die

1469 3550 1561 3602 ffir
1597 3547 1704 3602 den
1733 3551 1948 3617 Antrag
1977 3563 2181 3614 waren,
2216 3548 2319 3601 auf
2341 3544 2434 3600 die
2463 3547 2587 3602 eine

1472 3619 1624 3674 Seite
1677 3621 1887 3685 traten,
1942 3618 2033 3673 die
2086 3617 2342 3688 dagegen
2400 3634 2587 3674 waren

1469 3690 1585 3744 und
1623 3688 1742 3745 also
1779 3692 1898 3745 alia
1925 3691 2110 3744 omnia
2135 3690 2454 3755 sentiebant,
2492 3689 2594 3744 auf

1470 3759 1564 3815 die
1638 3761 1841 3815 andere
1907 3761 2220 3829 (discessio).
2278 3790 2345 3800 -
2407 3761 2589 3816 Titius

1468 3831 1683 3902 intera]
1748 3832 1839 3886 ein
1891 3831 2123 3886 anderes
2187 3829 2436 3900 Beispiel
2489 3832 2589 3886 der

1470 3902 1844 3957 Intercession
1880 3901 2031 3957 eines
2067 3902 2505 3957 Volkstribunen
2542 3919 2587 3958 s.

1544 4049 1593 4101 4.
1614 4044 1764 4116 Iovi]
1789 4043 2120 4114 Capitolino.
2161 4043 2265 4099 Bei
2287 4043 2441 4098 einer
2470 4044 2587 4099 auf·

1474 4115 1956 4171 serordentlichen
1979 4115 2400 4186 Senatssitzung
2427 4116 2588 4171 hatte

1475 4187 1576 4242 der
1618 4187 1922 4242 berufende
1968 4185 2201 4240 Beamte
2264 4187 2364 4241 das
2411 4186 2588 4243 Lokal

1473 4277 1542 4313 zu
1560 4258 1911 4313 bestimmen.
1931 4287 1998 4297 —
2026 4274 2280 4328 qenemm
2308 4260 2588 4315 ordinum·

1472 4330 1598 4401 que]
1638 4329 1874 4384 Klassen
1909 4330 2022 4382 und
2062 4328 2287 4386 Stande.

1547 4407 1595 4456 5.
1633 4402 1762 4456 haec
1796 4399 2008 4471 omnia]
2045 4400 2502 4473 Danksagungen
2531 4419 2585 4458 u.
