<?xml version="1.0" encoding="UTF-8"?>
<!DOCTYPE html PUBLIC "-//W3C//DTD XHTML 1.0 Transitional//EN"
    "http://www.w3.org/TR/xhtml1/DTD/xhtml1-transitional.dtd">
<html xmlns="http://www.w3.org/1999/xhtml" xml:lang="en" lang="en">
 <head>
  <title>
</title>
<meta http-equiv="Content-Type" content="text/html;charset=utf-8" />
  <meta name='ocr-system' content='tesseract 3.04.00' />
  <meta name='ocr-capabilities' content='ocr_page ocr_carea ocr_par ocr_line ocrx_word'/>
</head>
<body>
  <div class='ocr_page' id='page_1' title='image "ausgewhltebrief02freygoog_0081.png"; bbox 0 0 3000 4917; ppageno 0'>
   <div class='ocr_carea' id='block_1_1' title="bbox 1044 201 2576 308">
    <p class='ocr_par' dir='ltr' id='par_1_1' title="bbox 1044 201 2576 308">
     <span class='ocr_line' id='line_1_1' title="bbox 1044 201 2576 308; baseline 0.002 -12"><span class='ocrx_word' id='word_1_1' title='bbox 1044 201 1457 308; x_wconf 67' lang='lat' dir='ltr'><strong>Q.TULL1US</strong></span> <span class='ocrx_word' id='word_1_2' title='bbox 1496 241 1773 297; x_wconf 70' lang='lat' dir='ltr'>ommno.</span> <span class='ocrx_word' id='word_1_3' title='bbox 2494 244 2576 308; x_wconf 83' lang='lat'>67</span> 
     </span>
    </p>
   </div>
   <div class='ocr_carea' id='block_1_2' title="bbox 234 404 2685 1111">
    <p class='ocr_par' dir='ltr' id='par_1_2' title="bbox 234 404 2578 647">
     <span class='ocr_line' id='line_1_2' title="bbox 236 404 2578 507; baseline 0.001 -38"><span class='ocrx_word' id='word_1_4' title='bbox 236 407 553 487; x_wconf 77' lang='lat' dir='ltr'><strong>spectent,</strong></span> <span class='ocrx_word' id='word_1_5' title='bbox 601 426 823 469; x_wconf 89' lang='lat' dir='ltr'>omnes</span> <span class='ocrx_word' id='word_1_6' title='bbox 871 407 1086 468; x_wconf 89' lang='lat' dir='ltr'>autem</span> <span class='ocrx_word' id='word_1_7' title='bbox 1133 404 1442 507; x_wconf 88' lang='lat' dir='ltr'>improbi,</span> <span class='ocrx_word' id='word_1_8' title='bbox 1498 404 1669 489; x_wconf 89' lang='lat' dir='ltr'>quod</span> <span class='ocrx_word' id='word_1_9' title='bbox 1715 426 1862 469; x_wconf 89' lang='lat' dir='ltr'>cum</span> <span class='ocrx_word' id='word_1_10' title='bbox 1906 405 2009 469; x_wconf 92' lang='lat' dir='ltr'>his</span> <span class='ocrx_word' id='word_1_11' title='bbox 2058 405 2299 470; x_wconf 90' lang='lat' dir='ltr'>bellum</span> <span class='ocrx_word' id='word_1_12' title='bbox 2346 407 2578 489; x_wconf 89' lang='lat' dir='ltr'>sempi-</span> 
     </span>
     <span class='ocr_line' id='line_1_3' title="bbox 234 493 2577 579; baseline 0.001 -22"><span class='ocrx_word' id='word_1_13' title='bbox 234 497 495 558; x_wconf 90' lang='lat' dir='ltr'>ternum</span> <span class='ocrx_word' id='word_1_14' title='bbox 532 494 952 579; x_wconf 88' lang='lat' dir='ltr'>suscepimus,</span> <span class='ocrx_word' id='word_1_15' title='bbox 988 494 1090 558; x_wconf 84' lang='lat' dir='ltr'>vel</span> <span class='ocrx_word' id='word_1_16' title='bbox 1126 493 1398 557; x_wconf 90' lang='lat' dir='ltr'>minima</span> <span class='ocrx_word' id='word_1_17' title='bbox 1434 515 1506 558; x_wconf 89' lang='lat' dir='ltr'>re</span> <span class='ocrx_word' id='word_1_18' title='bbox 1544 494 1626 558; x_wconf 91' lang='lat' dir='ltr'>ad</span> <span class='ocrx_word' id='word_1_19' title='bbox 1662 494 2253 578; x_wconf 88' lang='lat' dir='ltr'>reprehendendum</span> <span class='ocrx_word' id='word_1_20' title='bbox 2291 497 2577 560; x_wconf 73' lang='lat' dir='ltr'>contenti</span> 
     </span>
     <span class='ocr_line' id='line_1_4' title="bbox 240 581 786 647; baseline -0.004 0"><span class='ocrx_word' id='word_1_21' title='bbox 240 604 382 647; x_wconf 91' lang='lat' dir='ltr'>esse</span> <span class='ocrx_word' id='word_1_22' title='bbox 428 581 786 647; x_wconf 85' lang='lat' dir='ltr'>videantur.</span> 
     </span>
    </p>

    <p class='ocr_par' dir='ltr' id='par_1_3' title="bbox 235 669 2685 1111">
     <span class='ocr_line' id='line_1_5' title="bbox 423 669 2685 755; baseline 0.003 -20"><span class='ocrx_word' id='word_1_23' title='bbox 423 670 653 753; x_wconf 82' lang='lat' dir='ltr'><strong>Quare,</strong></span> <span class='ocrx_word' id='word_1_24' title='bbox 701 670 1003 755; x_wconf 89' lang='lat' dir='ltr'>quoniam</span> <span class='ocrx_word' id='word_1_25' title='bbox 1041 669 1359 736; x_wconf 90' lang='lat' dir='ltr'>eiusmodi</span> <span class='ocrx_word' id='word_1_26' title='bbox 1394 671 1725 736; x_wconf 74' lang='lat' dir='ltr'><strong>theatrum</strong></span> <span class='ocrx_word' id='word_1_27' title='bbox 1764 671 2029 735; x_wconf 89' lang='lat' dir='ltr'>sortitus</span> <span class='ocrx_word' id='word_1_28' title='bbox 2068 692 2155 754; x_wconf 90' lang='lat' dir='ltr'>es,</span> <span class='ocrx_word' id='word_1_29' title='bbox 2201 672 2573 738; x_wconf 80' lang='lat' dir='ltr'>celebritate</span> <span class='ocrx_word' id='word_1_30' title='bbox 2595 679 2685 743; x_wconf 76' lang='lat'>42</span> 
     </span>
     <span class='ocr_line' id='line_1_6' title="bbox 236 758 2577 845; baseline 0.001 -22"><span class='ocrx_word' id='word_1_31' title='bbox 236 759 753 841; x_wconf 88' lang='lat' dir='ltr'>refertissimum,</span> <span class='ocrx_word' id='word_1_32' title='bbox 789 758 1235 845; x_wconf 78' lang='lat' dir='ltr'>magnitudine</span> <span class='ocrx_word' id='word_1_33' title='bbox 1263 760 1755 844; x_wconf 89' lang='lat' dir='ltr'>amplissimum,</span> <span class='ocrx_word' id='word_1_34' title='bbox 1790 759 2025 824; x_wconf 90' lang='lat' dir='ltr'>iudicio</span> <span class='ocrx_word' id='word_1_35' title='bbox 2055 761 2577 844; x_wconf 88' lang='lat' dir='ltr'>eruditissimum,</span> 
     </span>
     <span class='ocr_line' id='line_1_7' title="bbox 235 848 2575 934; baseline 0 -21"><span class='ocrx_word' id='word_1_36' title='bbox 235 853 471 913; x_wconf 90' lang='lat' dir='ltr'>natura</span> <span class='ocrx_word' id='word_1_37' title='bbox 526 851 742 913; x_wconf 87' lang='lat' dir='ltr'>autem</span> <span class='ocrx_word' id='word_1_38' title='bbox 797 848 891 913; x_wconf 86' lang='lat' dir='ltr'>ita</span> <span class='ocrx_word' id='word_1_39' title='bbox 949 870 1289 932; x_wconf 90' lang='lat' dir='ltr'>resonans,</span> <span class='ocrx_word' id='word_1_40' title='bbox 1348 857 1419 914; x_wconf 90' lang='lat' dir='ltr'>ut</span> <span class='ocrx_word' id='word_1_41' title='bbox 1475 870 1678 933; x_wconf 88' lang='lat' dir='ltr'>usque</span> <span class='ocrx_word' id='word_1_42' title='bbox 1737 848 2014 913; x_wconf 80' lang='lat' dir='ltr'><strong>Romam</strong></span> <span class='ocrx_word' id='word_1_43' title='bbox 2074 848 2575 934; x_wconf 86' lang='lat' dir='ltr'>significationes</span> 
     </span>
     <span class='ocr_line' id='line_1_8' title="bbox 238 936 2576 1022; baseline 0 -20"><span class='ocrx_word' id='word_1_44' title='bbox 238 958 558 1022; x_wconf 85' lang='lat' dir='ltr'>vocesque</span> <span class='ocrx_word' id='word_1_45' title='bbox 594 936 972 1021; x_wconf 89' lang='lat' dir='ltr'>referantur,</span> <span class='ocrx_word' id='word_1_46' title='bbox 1009 937 1341 1020; x_wconf 73' lang='lat' dir='ltr'>contende,</span> <span class='ocrx_word' id='word_1_47' title='bbox 1378 959 1637 1021; x_wconf 89' lang='lat' dir='ltr'>quaes0,</span> <span class='ocrx_word' id='word_1_48' title='bbox 1676 939 1866 1021; x_wconf 88' lang='lat' dir='ltr'>atque</span> <span class='ocrx_word' id='word_1_49' title='bbox 1905 937 2186 1021; x_wconf 88' lang='lat' dir='ltr'>elabora,</span> <span class='ocrx_word' id='word_1_50' title='bbox 2221 959 2349 1002; x_wconf 88' lang='lat' dir='ltr'>non</span> <span class='ocrx_word' id='word_1_51' title='bbox 2383 939 2576 1004; x_wconf 93' lang='lat' dir='ltr'>modo</span> 
     </span>
     <span class='ocr_line' id='line_1_9' title="bbox 237 1025 2576 1111; baseline 0.001 -22"><span class='ocrx_word' id='word_1_52' title='bbox 237 1029 313 1090; x_wconf 92' lang='lat' dir='ltr'>ut</span> <span class='ocrx_word' id='word_1_53' title='bbox 360 1025 463 1090; x_wconf 90' lang='lat' dir='ltr'>his</span> <span class='ocrx_word' id='word_1_54' title='bbox 510 1026 701 1090; x_wconf 88' lang='lat' dir='ltr'>rebus</span> <span class='ocrx_word' id='word_1_55' title='bbox 748 1026 981 1111; x_wconf 89' lang='lat' dir='ltr'>dignus</span> <span class='ocrx_word' id='word_1_56' title='bbox 1028 1025 1248 1109; x_wconf 82' lang='lat' dir='ltr'>fuisse,</span> <span class='ocrx_word' id='word_1_57' title='bbox 1300 1025 1410 1091; x_wconf 90' lang='lat' dir='ltr'>sed</span> <span class='ocrx_word' id='word_1_58' title='bbox 1456 1027 1655 1091; x_wconf 90' lang='lat' dir='ltr'>etiam</span> <span class='ocrx_word' id='word_1_59' title='bbox 1698 1030 1772 1091; x_wconf 91' lang='lat' dir='ltr'>ut</span> <span class='ocrx_word' id='word_1_60' title='bbox 1813 1026 1933 1090; x_wconf 87' lang='lat' dir='ltr'>illa</span> <span class='ocrx_word' id='word_1_61' title='bbox 1979 1026 2199 1091; x_wconf 89' lang='lat' dir='ltr'>omnia</span> <span class='ocrx_word' id='word_1_62' title='bbox 2241 1026 2372 1091; x_wconf 90' lang='lat' dir='ltr'>tuis</span> <span class='ocrx_word' id='word_1_63' title='bbox 2421 1028 2576 1091; x_wconf 91' lang='lat' dir='ltr'>arti-</span> 
     </span>
    </p>
   </div>
   <div class='ocr_carea' id='block_1_3' title="bbox 236 1105 2797 1201">
    <p class='ocr_par' dir='ltr' id='par_1_4' title="bbox 236 1105 2797 1201">
     <span class='ocr_line' id='line_1_10' title="bbox 236 1105 2797 1201; baseline 0.002 -22"><span class='ocrx_word' id='word_1_64' title='bbox 236 1115 360 1181; x_wconf 86' lang='lat' dir='ltr'>bus</span> <span class='ocrx_word' id='word_1_65' title='bbox 408 1135 745 1199; x_wconf 81' lang='lat' dir='ltr'>superasse</span> <span class='ocrx_word' id='word_1_66' title='bbox 781 1115 1068 1199; x_wconf 82' lang='lat' dir='ltr'>videare3</span> <span class='ocrx_word' id='word_1_67' title='bbox 1114 1111 1317 1201; x_wconf 88' lang='lat' dir='ltr'><strong>(XV.)</strong></span> <span class='ocrx_word' id='word_1_68' title='bbox 1364 1118 1447 1201; x_wconf 92' lang='lat' dir='ltr'>et,</span> <span class='ocrx_word' id='word_1_69' title='bbox 1492 1114 1801 1201; x_wconf 89' lang='lat' dir='ltr'>quoniam</span> <span class='ocrx_word' id='word_1_70' title='bbox 1837 1115 1999 1179; x_wconf 92' lang='lat' dir='ltr'>mihi</span> <span class='ocrx_word' id='word_1_71' title='bbox 2037 1136 2223 1180; x_wconf 90' lang='lat' dir='ltr'>casus</span> <span class='ocrx_word' id='word_1_72' title='bbox 2261 1116 2573 1180; x_wconf 87' lang='lat' dir='ltr'>urbanam</span> <span class='ocrx_word' id='word_1_73' title='bbox 2594 1122 2682 1187; x_wconf 83' lang='lat'>43</span> <span class='ocrx_word' id='word_1_74' title='bbox 2796 1105 2797 1112; x_wconf 9' lang='grc' dir='ltr'>ἵ</span> 
     </span>
    </p>
   </div>
   <div class='ocr_carea' id='block_1_4' title="bbox 232 1203 2686 2797">
    <p class='ocr_par' dir='ltr' id='par_1_5' title="bbox 232 1203 2686 2797">
     <span class='ocr_line' id='line_1_11' title="bbox 235 1203 2575 1290; baseline 0.001 -24"><span class='ocrx_word' id='word_1_75' title='bbox 235 1203 304 1266; x_wconf 94' lang='lat' dir='ltr'>in</span> <span class='ocrx_word' id='word_1_76' title='bbox 367 1204 858 1289; x_wconf 85' lang='lat' dir='ltr'>magistratibus</span> <span class='ocrx_word' id='word_1_77' title='bbox 920 1204 1545 1269; x_wconf 82' lang='lat' dir='ltr'>administrationem</span> <span class='ocrx_word' id='word_1_78' title='bbox 1604 1203 1700 1267; x_wconf 89' lang='lat' dir='ltr'>rei</span> <span class='ocrx_word' id='word_1_79' title='bbox 1758 1204 2077 1290; x_wconf 86' lang='lat' dir='ltr'>publicae,</span> <span class='ocrx_word' id='word_1_80' title='bbox 2133 1204 2257 1268; x_wconf 87' lang='lat' dir='ltr'>tibi</span> <span class='ocrx_word' id='word_1_81' title='bbox 2315 1206 2575 1288; x_wconf 83' lang='lat' dir='ltr'>provin-</span> 
     </span>
     <span class='ocr_line' id='line_1_12' title="bbox 236 1291 2576 1378; baseline 0.001 -22"><span class='ocrx_word' id='word_1_82' title='bbox 236 1293 469 1357; x_wconf 85' lang='lat' dir='ltr'>cialem</span> <span class='ocrx_word' id='word_1_83' title='bbox 524 1291 723 1375; x_wconf 89' lang='lat' dir='ltr'>dedit,</span> <span class='ocrx_word' id='word_1_84' title='bbox 784 1293 840 1357; x_wconf 92' lang='lat' dir='ltr'>si</span> <span class='ocrx_word' id='word_1_85' title='bbox 895 1314 1041 1357; x_wconf 87' lang='lat' dir='ltr'>mea</span> <span class='ocrx_word' id='word_1_86' title='bbox 1094 1314 1244 1378; x_wconf 90' lang='lat' dir='ltr'>pars</span> <span class='ocrx_word' id='word_1_87' title='bbox 1286 1292 1549 1357; x_wconf 80' lang='lat' dir='ltr'>nemini</span> <span class='ocrx_word' id='word_1_88' title='bbox 1602 1291 1799 1377; x_wconf 85' lang='lat' dir='ltr'>cedit,</span> <span class='ocrx_word' id='word_1_89' title='bbox 1851 1293 1952 1357; x_wconf 84' lang='lat' dir='ltr'>fac</span> <span class='ocrx_word' id='word_1_90' title='bbox 1962 1344 1979 1378; x_wconf 87' lang='lat'>,</span> <span class='ocrx_word' id='word_1_91' title='bbox 2035 1295 2109 1356; x_wconf 91' lang='lat' dir='ltr'>ut</span> <span class='ocrx_word' id='word_1_92' title='bbox 2160 1297 2274 1357; x_wconf 89' lang='lat' dir='ltr'>tua</span> <span class='ocrx_word' id='word_1_93' title='bbox 2329 1297 2576 1358; x_wconf 86' lang='lat' dir='ltr'>ceteros</span> 
     </span>
     <span class='ocr_line' id='line_1_13' title="bbox 236 1378 2578 1467; baseline 0 -22"><span class='ocrx_word' id='word_1_94' title='bbox 236 1381 475 1446; x_wconf 83' lang='lat' dir='ltr'>vincat.</span> <span class='ocrx_word' id='word_1_95' title='bbox 570 1378 774 1445; x_wconf 87' lang='lat' dir='ltr'>Simul</span> <span class='ocrx_word' id='word_1_96' title='bbox 821 1385 888 1444; x_wconf 91' lang='lat' dir='ltr'>et</span> <span class='ocrx_word' id='word_1_97' title='bbox 930 1381 1091 1445; x_wconf 91' lang='lat' dir='ltr'>illud</span> <span class='ocrx_word' id='word_1_98' title='bbox 1138 1382 1383 1467; x_wconf 88' lang='lat' dir='ltr'>cogita,</span> <span class='ocrx_word' id='word_1_99' title='bbox 1436 1403 1555 1446; x_wconf 92' lang='lat' dir='ltr'>nos</span> <span class='ocrx_word' id='word_1_100' title='bbox 1608 1403 1741 1446; x_wconf 91' lang='lat' dir='ltr'>non</span> <span class='ocrx_word' id='word_1_101' title='bbox 1787 1381 1865 1445; x_wconf 88' lang='lat' dir='ltr'>de</span> <span class='ocrx_word' id='word_1_102' title='bbox 1916 1380 2163 1465; x_wconf 90' lang='lat' dir='ltr'>reliqua</span> <span class='ocrx_word' id='word_1_103' title='bbox 2208 1385 2275 1445; x_wconf 92' lang='lat' dir='ltr'>et</span> <span class='ocrx_word' id='word_1_104' title='bbox 2321 1385 2578 1467; x_wconf 89' lang='lat' dir='ltr'>sperata</span> 
     </span>
     <span class='ocr_line' id='line_1_14' title="bbox 239 1469 2577 1555; baseline 0 -21"><span class='ocrx_word' id='word_1_105' title='bbox 239 1470 452 1555; x_wconf 88' lang='lat' dir='ltr'>gloria</span> <span class='ocrx_word' id='word_1_106' title='bbox 497 1469 627 1533; x_wconf 90' lang='lat' dir='ltr'>iam</span> <span class='ocrx_word' id='word_1_107' title='bbox 673 1470 987 1553; x_wconf 88' lang='lat' dir='ltr'>laborare,</span> <span class='ocrx_word' id='word_1_108' title='bbox 1035 1469 1148 1534; x_wconf 88' lang='lat' dir='ltr'>sed</span> <span class='ocrx_word' id='word_1_109' title='bbox 1194 1470 1270 1534; x_wconf 91' lang='lat' dir='ltr'>de</span> <span class='ocrx_word' id='word_1_110' title='bbox 1314 1474 1506 1555; x_wconf 88' lang='lat' dir='ltr'>parta</span> <span class='ocrx_word' id='word_1_111' title='bbox 1553 1470 1885 1549; x_wconf 90' lang='lat' dir='ltr'>dimicare,</span> <span class='ocrx_word' id='word_1_112' title='bbox 1935 1491 2098 1553; x_wconf 88' lang='lat' dir='ltr'>quae</span> <span class='ocrx_word' id='word_1_113' title='bbox 2147 1470 2401 1555; x_wconf 89' lang='lat' dir='ltr'>quidem</span> <span class='ocrx_word' id='word_1_114' title='bbox 2447 1492 2577 1535; x_wconf 93' lang='lat' dir='ltr'>non</span> 
     </span>
     <span class='ocr_line' id='line_1_15' title="bbox 232 1558 2578 1644; baseline 0.001 -22"><span class='ocrx_word' id='word_1_115' title='bbox 232 1563 377 1623; x_wconf 91' lang='lat' dir='ltr'>tam</span> <span class='ocrx_word' id='word_1_116' title='bbox 424 1559 775 1643; x_wconf 83' lang='lat' dir='ltr'>expetenda</span> <span class='ocrx_word' id='word_1_117' title='bbox 820 1559 1008 1623; x_wconf 90' lang='lat' dir='ltr'>nobis</span> <span class='ocrx_word' id='word_1_118' title='bbox 1046 1558 1187 1636; x_wconf 84' lang='lat' dir='ltr'>fuit,</span> <span class='ocrx_word' id='word_1_119' title='bbox 1234 1582 1426 1642; x_wconf 88' lang='lat' dir='ltr'>quam</span> <span class='ocrx_word' id='word_1_120' title='bbox 1472 1559 1713 1624; x_wconf 92' lang='lat' dir='ltr'>tuenda</span> <span class='ocrx_word' id='word_1_121' title='bbox 1760 1564 1873 1624; x_wconf 88' lang='lat' dir='ltr'>est.</span> <span class='ocrx_word' id='word_1_122' title='bbox 1954 1559 2069 1642; x_wconf 88' lang='lat' dir='ltr'>Ac,</span> <span class='ocrx_word' id='word_1_123' title='bbox 2107 1559 2160 1623; x_wconf 92' lang='lat' dir='ltr'>si</span> <span class='ocrx_word' id='word_1_124' title='bbox 2205 1559 2365 1624; x_wconf 89' lang='lat' dir='ltr'>mihi</span> <span class='ocrx_word' id='word_1_125' title='bbox 2403 1561 2578 1644; x_wconf 90' lang='lat' dir='ltr'>quic-</span> 
     </span>
     <span class='ocr_line' id='line_1_16' title="bbox 237 1647 2580 1732; baseline 0 -20"><span class='ocrx_word' id='word_1_126' title='bbox 237 1669 434 1731; x_wconf 88' lang='lat' dir='ltr'>quam</span> <span class='ocrx_word' id='word_1_127' title='bbox 490 1651 659 1711; x_wconf 90' lang='lat' dir='ltr'>esset</span> <span class='ocrx_word' id='word_1_128' title='bbox 705 1648 821 1712; x_wconf 91' lang='lat' dir='ltr'>abs</span> <span class='ocrx_word' id='word_1_129' title='bbox 868 1650 934 1712; x_wconf 90' lang='lat' dir='ltr'>te</span> <span class='ocrx_word' id='word_1_130' title='bbox 981 1650 1376 1732; x_wconf 88' lang='lat' dir='ltr'>separatum,</span> <span class='ocrx_word' id='word_1_131' title='bbox 1429 1648 1594 1712; x_wconf 83' lang='lat' dir='ltr'>nihil</span> <span class='ocrx_word' id='word_1_132' title='bbox 1649 1647 1924 1731; x_wconf 90' lang='lat' dir='ltr'>amplius</span> <span class='ocrx_word' id='word_1_133' title='bbox 1980 1647 2408 1712; x_wconf 87' lang='lat' dir='ltr'>desiderarem</span> <span class='ocrx_word' id='word_1_134' title='bbox 2457 1649 2580 1713; x_wconf 93' lang='lat' dir='ltr'>hoc</span> 
     </span>
     <span class='ocr_line' id='line_1_17' title="bbox 241 1735 2580 1821; baseline -0 -20"><span class='ocrx_word' id='word_1_135' title='bbox 241 1739 437 1820; x_wconf 87' lang='lat' dir='ltr'>statu,</span> <span class='ocrx_word' id='word_1_136' title='bbox 486 1736 596 1819; x_wconf 89' lang='lat' dir='ltr'>qui</span> <span class='ocrx_word' id='word_1_137' title='bbox 641 1735 804 1800; x_wconf 91' lang='lat' dir='ltr'>mihi</span> <span class='ocrx_word' id='word_1_138' title='bbox 848 1736 980 1800; x_wconf 90' lang='lat' dir='ltr'>iam</span> <span class='ocrx_word' id='word_1_139' title='bbox 1025 1741 1252 1820; x_wconf 88' lang='lat' dir='ltr'>partus</span> <span class='ocrx_word' id='word_1_140' title='bbox 1298 1740 1423 1801; x_wconf 86' lang='lat' dir='ltr'>est:</span> <span class='ocrx_word' id='word_1_141' title='bbox 1472 1759 1643 1801; x_wconf 88' lang='lat' dir='ltr'>nunc</span> <span class='ocrx_word' id='word_1_142' title='bbox 1688 1758 1839 1801; x_wconf 82' lang='lat' dir='ltr'>vero</span> <span class='ocrx_word' id='word_1_143' title='bbox 1889 1737 1982 1801; x_wconf 92' lang='lat' dir='ltr'>sic</span> <span class='ocrx_word' id='word_1_144' title='bbox 2026 1758 2129 1801; x_wconf 90' lang='lat' dir='ltr'>res</span> <span class='ocrx_word' id='word_1_145' title='bbox 2176 1758 2317 1801; x_wconf 88' lang='lat' dir='ltr'>sese</span> <span class='ocrx_word' id='word_1_146' title='bbox 2361 1737 2580 1821; x_wconf 87' lang='lat' dir='ltr'>habet,</span> 
     </span>
     <span class='ocr_line' id='line_1_18' title="bbox 235 1825 2580 1910; baseline -0 -21"><span class='ocrx_word' id='word_1_147' title='bbox 235 1831 337 1909; x_wconf 91' lang='lat' dir='ltr'>ut,</span> <span class='ocrx_word' id='word_1_148' title='bbox 391 1825 521 1889; x_wconf 90' lang='lat' dir='ltr'>nisi</span> <span class='ocrx_word' id='word_1_149' title='bbox 578 1826 795 1889; x_wconf 86' lang='lat' dir='ltr'>omnia</span> <span class='ocrx_word' id='word_1_150' title='bbox 846 1827 962 1889; x_wconf 88' lang='lat' dir='ltr'>tua</span> <span class='ocrx_word' id='word_1_151' title='bbox 1015 1825 1190 1890; x_wconf 87' lang='lat' dir='ltr'>facta</span> <span class='ocrx_word' id='word_1_152' title='bbox 1244 1829 1435 1910; x_wconf 89' lang='lat' dir='ltr'>atque</span> <span class='ocrx_word' id='word_1_153' title='bbox 1483 1825 1654 1891; x_wconf 88' lang='lat' dir='ltr'>dicta</span> <span class='ocrx_word' id='word_1_154' title='bbox 1708 1826 1951 1890; x_wconf 87' lang='lat' dir='ltr'>nostris</span> <span class='ocrx_word' id='word_1_155' title='bbox 2005 1826 2197 1890; x_wconf 91' lang='lat' dir='ltr'>rebus</span> <span class='ocrx_word' id='word_1_156' title='bbox 2247 1826 2441 1890; x_wconf 89' lang='lat' dir='ltr'>istinc</span> <span class='ocrx_word' id='word_1_157' title='bbox 2487 1847 2580 1888; x_wconf 92' lang='lat' dir='ltr'>re-</span> 
     </span>
     <span class='ocr_line' id='line_1_19' title="bbox 239 1912 2579 1999; baseline -0 -21"><span class='ocrx_word' id='word_1_158' title='bbox 239 1912 633 1997; x_wconf 87' lang='lat' dir='ltr'>spondeant,</span> <span class='ocrx_word' id='word_1_159' title='bbox 688 1934 810 1998; x_wconf 88' lang='lat' dir='ltr'>ego</span> <span class='ocrx_word' id='word_1_160' title='bbox 864 1935 969 1977; x_wconf 93' lang='lat' dir='ltr'>me</span> <span class='ocrx_word' id='word_1_161' title='bbox 1013 1914 1215 1978; x_wconf 89' lang='lat' dir='ltr'>tantis</span> <span class='ocrx_word' id='word_1_162' title='bbox 1269 1915 1428 1978; x_wconf 89' lang='lat' dir='ltr'>meis</span> <span class='ocrx_word' id='word_1_163' title='bbox 1483 1914 1818 1979; x_wconf 89' lang='lat' dir='ltr'>laboribus</span> <span class='ocrx_word' id='word_1_164' title='bbox 1873 1915 2202 1999; x_wconf 87' lang='lat' dir='ltr'>tantisque</span> <span class='ocrx_word' id='word_1_165' title='bbox 2258 1914 2579 1999; x_wconf 90' lang='lat' dir='ltr'>periculis,</span> 
     </span>
     <span class='ocr_line' id='line_1_20' title="bbox 239 2002 2577 2087; baseline 0 -20"><span class='ocrx_word' id='word_1_166' title='bbox 239 2023 516 2086; x_wconf 84' lang='lat' dir='ltr'>quorum</span> <span class='ocrx_word' id='word_1_167' title='bbox 559 2005 632 2066; x_wconf 86' lang='lat' dir='ltr'>tu</span> <span class='ocrx_word' id='word_1_168' title='bbox 680 2002 971 2067; x_wconf 91' lang='lat' dir='ltr'>omnium</span> <span class='ocrx_word' id='word_1_169' title='bbox 1014 2003 1339 2087; x_wconf 86' lang='lat' dir='ltr'>particeps</span> <span class='ocrx_word' id='word_1_170' title='bbox 1384 2003 1596 2086; x_wconf 79' lang='lat' dir='ltr'>fuisti,</span> <span class='ocrx_word' id='word_1_171' title='bbox 1651 2003 1817 2067; x_wconf 92' lang='lat' dir='ltr'>nihil</span> <span class='ocrx_word' id='word_1_172' title='bbox 1874 2006 2287 2068; x_wconf 90' lang='lat' dir='ltr'>consecutum</span> <span class='ocrx_word' id='word_1_173' title='bbox 2337 2005 2577 2087; x_wconf 90' lang='lat' dir='ltr'>putem.</span> 
     </span>
     <span class='ocr_line' id='line_1_21' title="bbox 240 2090 2583 2176; baseline 0 -21"><span class='ocrx_word' id='word_1_174' title='bbox 240 2090 427 2167; x_wconf 83' lang='lat' dir='ltr'>Quod</span> <span class='ocrx_word' id='word_1_175' title='bbox 467 2091 540 2172; x_wconf 91' lang='lat' dir='ltr'>si,</span> <span class='ocrx_word' id='word_1_176' title='bbox 586 2093 660 2154; x_wconf 91' lang='lat' dir='ltr'>ut</span> <span class='ocrx_word' id='word_1_177' title='bbox 708 2091 1178 2175; x_wconf 89' lang='lat' dir='ltr'>amplissimum</span> <span class='ocrx_word' id='word_1_178' title='bbox 1222 2113 1460 2156; x_wconf 89' lang='lat' dir='ltr'>nomen</span> <span class='ocrx_word' id='word_1_179' title='bbox 1506 2113 2058 2176; x_wconf 88' lang='lat' dir='ltr'>consequeremur,</span> <span class='ocrx_word' id='word_1_180' title='bbox 2104 2114 2270 2156; x_wconf 92' lang='lat' dir='ltr'>unus</span> <span class='ocrx_word' id='word_1_181' title='bbox 2320 2097 2583 2175; x_wconf 89' lang='lat' dir='ltr'>praeter</span> 
     </span>
     <span class='ocr_line' id='line_1_22' title="bbox 239 2179 2617 2265; baseline 0 -20"><span class='ocrx_word' id='word_1_182' title='bbox 239 2183 488 2245; x_wconf 89' lang='lat' dir='ltr'>ceteros</span> <span class='ocrx_word' id='word_1_183' title='bbox 527 2179 851 2263; x_wconf 63' lang='lat' dir='ltr'>adiuvisti,</span> <span class='ocrx_word' id='word_1_184' title='bbox 896 2184 1068 2244; x_wconf 88' lang='lat' dir='ltr'>certe</span> <span class='ocrx_word' id='word_1_185' title='bbox 1106 2180 1296 2262; x_wconf 90' lang='lat' dir='ltr'>idem,</span> <span class='ocrx_word' id='word_1_186' title='bbox 1344 2184 1417 2245; x_wconf 90' lang='lat' dir='ltr'>ut</span> <span class='ocrx_word' id='word_1_187' title='bbox 1459 2180 1527 2244; x_wconf 90' lang='lat' dir='ltr'>id</span> <span class='ocrx_word' id='word_1_188' title='bbox 1567 2180 1982 2264; x_wconf 83' lang='lat' dir='ltr'>retineamus,</span> <span class='ocrx_word' id='word_1_189' title='bbox 2027 2184 2284 2265; x_wconf 89' lang='lat' dir='ltr'>praeter</span> <span class='ocrx_word' id='word_1_190' title='bbox 2329 2184 2578 2246; x_wconf 89' lang='lat' dir='ltr'>ceteros</span> <span class='ocrx_word' id='word_1_191' title='bbox 2604 2231 2617 2246; x_wconf 67' lang='lat'><strong>.</strong></span> 
     </span>
     <span class='ocr_line' id='line_1_23' title="bbox 243 2266 2578 2334; baseline 0 -2"><span class='ocrx_word' id='word_1_192' title='bbox 243 2268 628 2333; x_wconf 88' lang='lat' dir='ltr'>elaborabis.</span> <span class='ocrx_word' id='word_1_193' title='bbox 716 2266 866 2333; x_wconf 89' lang='lat' dir='ltr'>Non</span> <span class='ocrx_word' id='word_1_194' title='bbox 927 2272 1025 2333; x_wconf 88' lang='lat' dir='ltr'>est</span> <span class='ocrx_word' id='word_1_195' title='bbox 1077 2269 1201 2333; x_wconf 90' lang='lat' dir='ltr'>tibi</span> <span class='ocrx_word' id='word_1_196' title='bbox 1253 2268 1357 2333; x_wconf 86' lang='lat' dir='ltr'>his</span> <span class='ocrx_word' id='word_1_197' title='bbox 1415 2270 1571 2334; x_wconf 91' lang='lat' dir='ltr'>solis</span> <span class='ocrx_word' id='word_1_198' title='bbox 1628 2270 1937 2333; x_wconf 90' lang='lat' dir='ltr'>utendum</span> <span class='ocrx_word' id='word_1_199' title='bbox 1993 2269 2578 2334; x_wconf 85' lang='lat' dir='ltr'>existimationibus</span> 
     </span>
     <span class='ocr_line' id='line_1_24' title="bbox 238 2356 2580 2443; baseline -0 -21"><span class='ocrx_word' id='word_1_200' title='bbox 238 2379 314 2422; x_wconf 87' lang='lat' dir='ltr'>ac</span> <span class='ocrx_word' id='word_1_201' title='bbox 360 2357 633 2438; x_wconf 89' lang='lat' dir='ltr'>iudiciis,</span> <span class='ocrx_word' id='word_1_202' title='bbox 680 2356 791 2440; x_wconf 90' lang='lat' dir='ltr'>qui</span> <span class='ocrx_word' id='word_1_203' title='bbox 835 2379 1007 2422; x_wconf 90' lang='lat' dir='ltr'>nunc</span> <span class='ocrx_word' id='word_1_204' title='bbox 1055 2361 1226 2443; x_wconf 88' lang='lat' dir='ltr'>sunt,</span> <span class='ocrx_word' id='word_1_205' title='bbox 1269 2357 1627 2442; x_wconf 91' lang='lat' dir='ltr'>hominum,</span> <span class='ocrx_word' id='word_1_206' title='bbox 1676 2358 1787 2422; x_wconf 89' lang='lat' dir='ltr'>sed</span> <span class='ocrx_word' id='word_1_207' title='bbox 1832 2357 1913 2422; x_wconf 92' lang='lat' dir='ltr'>iis</span> <span class='ocrx_word' id='word_1_208' title='bbox 1962 2357 2176 2439; x_wconf 89' lang='lat' dir='ltr'>etiam,</span> <span class='ocrx_word' id='word_1_209' title='bbox 2221 2358 2332 2440; x_wconf 88' lang='lat' dir='ltr'>qui</span> <span class='ocrx_word' id='word_1_210' title='bbox 2376 2358 2580 2421; x_wconf 78' lang='lat' dir='ltr'>futuri</span> 
     </span>
     <span class='ocr_line' id='line_1_25' title="bbox 241 2445 2580 2529; baseline -0 -19"><span class='ocrx_word' id='word_1_211' title='bbox 241 2448 421 2529; x_wconf 81' lang='lat' dir='ltr'>sunt3</span> <span class='ocrx_word' id='word_1_212' title='bbox 479 2466 869 2529; x_wconf 90' lang='lat' dir='ltr'>quamquam</span> <span class='ocrx_word' id='word_1_213' title='bbox 918 2445 1179 2510; x_wconf 89' lang='lat' dir='ltr'>illorum</span> <span class='ocrx_word' id='word_1_214' title='bbox 1227 2447 1349 2510; x_wconf 88' lang='lat' dir='ltr'>erit</span> <span class='ocrx_word' id='word_1_215' title='bbox 1394 2446 1607 2510; x_wconf 88' lang='lat' dir='ltr'>verius</span> <span class='ocrx_word' id='word_1_216' title='bbox 1654 2446 1957 2510; x_wconf 90' lang='lat' dir='ltr'>iudicium</span> <span class='ocrx_word' id='word_1_217' title='bbox 2003 2445 2469 2511; x_wconf 89' lang='lat' dir='ltr'>obtrectatione</span> <span class='ocrx_word' id='word_1_218' title='bbox 2517 2450 2580 2509; x_wconf 92' lang='lat' dir='ltr'>et</span> 
     </span>
     <span class='ocr_line' id='line_1_26' title="bbox 233 2532 2686 2619; baseline -0 -20"><span class='ocrx_word' id='word_1_219' title='bbox 233 2535 695 2599; x_wconf 85' lang='lat' dir='ltr'>malevolentia</span> <span class='ocrx_word' id='word_1_220' title='bbox 748 2535 1111 2600; x_wconf 87' lang='lat' dir='ltr'>liberatum.</span> <span class='ocrx_word' id='word_1_221' title='bbox 1203 2533 1494 2619; x_wconf 88' lang='lat' dir='ltr'>Denique</span> <span class='ocrx_word' id='word_1_222' title='bbox 1548 2533 1709 2598; x_wconf 91' lang='lat' dir='ltr'>illud</span> <span class='ocrx_word' id='word_1_223' title='bbox 1766 2534 1963 2599; x_wconf 89' lang='lat' dir='ltr'>etiam</span> <span class='ocrx_word' id='word_1_224' title='bbox 2019 2532 2215 2598; x_wconf 88' lang='lat' dir='ltr'>debes</span> <span class='ocrx_word' id='word_1_225' title='bbox 2271 2534 2577 2618; x_wconf 88' lang='lat' dir='ltr'>cogitare,</span> <span class='ocrx_word' id='word_1_226' title='bbox 2599 2538 2686 2604; x_wconf 88' lang='lat'>44</span> 
     </span>
     <span class='ocr_line' id='line_1_27' title="bbox 234 2622 2581 2708; baseline -0.001 -21"><span class='ocrx_word' id='word_1_227' title='bbox 234 2645 370 2687; x_wconf 92' lang='lat' dir='ltr'>non</span> <span class='ocrx_word' id='word_1_228' title='bbox 426 2627 494 2687; x_wconf 92' lang='lat' dir='ltr'>te</span> <span class='ocrx_word' id='word_1_229' title='bbox 548 2623 671 2687; x_wconf 90' lang='lat' dir='ltr'>tibi</span> <span class='ocrx_word' id='word_1_230' title='bbox 728 2623 852 2687; x_wconf 91' lang='lat' dir='ltr'>soli</span> <span class='ocrx_word' id='word_1_231' title='bbox 897 2623 1176 2708; x_wconf 84' lang='lat' dir='ltr'>gloriam</span> <span class='ocrx_word' id='word_1_232' title='bbox 1222 2644 1550 2707; x_wconf 82' lang='lat' dir='ltr'>quaerere3</span> <span class='ocrx_word' id='word_1_233' title='bbox 1609 2622 1781 2707; x_wconf 89' lang='lat' dir='ltr'>quod</span> <span class='ocrx_word' id='word_1_234' title='bbox 1830 2623 1885 2687; x_wconf 87' lang='lat' dir='ltr'>si</span> <span class='ocrx_word' id='word_1_235' title='bbox 1932 2625 2126 2706; x_wconf 89' lang='lat' dir='ltr'>esset,</span> <span class='ocrx_word' id='word_1_236' title='bbox 2181 2626 2401 2686; x_wconf 87' lang='lat' dir='ltr'>tamen</span> <span class='ocrx_word' id='word_1_237' title='bbox 2446 2644 2581 2686; x_wconf 92' lang='lat' dir='ltr'>non</span> 
     </span>
     <span class='ocr_line' id='line_1_28' title="bbox 235 2711 2579 2797; baseline 0 -21"><span class='ocrx_word' id='word_1_238' title='bbox 235 2713 633 2797; x_wconf 84' lang='lat' dir='ltr'>neglegeres,</span> <span class='ocrx_word' id='word_1_239' title='bbox 668 2712 1052 2794; x_wconf 87' lang='lat' dir='ltr'>praesertim</span> <span class='ocrx_word' id='word_1_240' title='bbox 1091 2734 1234 2777; x_wconf 93' lang='lat' dir='ltr'>cum</span> <span class='ocrx_word' id='word_1_241' title='bbox 1274 2711 1693 2796; x_wconf 88' lang='lat' dir='ltr'>amplissimis</span> <span class='ocrx_word' id='word_1_242' title='bbox 1731 2711 2167 2776; x_wconf 88' lang='lat' dir='ltr'>monumentis</span> <span class='ocrx_word' id='word_1_243' title='bbox 2207 2733 2579 2777; x_wconf 89' lang='lat' dir='ltr'>consecrare</span> 
     </span>
    </p>
   </div>
   <div class='ocr_carea' id='block_1_5' title="bbox 232 2921 1358 3275">
    <p class='ocr_par' dir='ltr' id='par_1_6' title="bbox 232 2921 1358 3275">
     <span class='ocr_line' id='line_1_29' title="bbox 303 2921 1354 2992; baseline 0 -17"><span class='ocrx_word' id='word_1_244' title='bbox 303 2926 391 2977; x_wconf 82' lang='lat'><strong>42.</strong></span> <span class='ocrx_word' id='word_1_245' title='bbox 413 2921 706 2992; x_wconf 76' lang='lat' dir='ltr'>theatrum]</span> <span class='ocrx_word' id='word_1_246' title='bbox 737 2921 951 2976; x_wconf 70' lang='lat' dir='ltr'>erklart</span> <span class='ocrx_word' id='word_1_247' title='bbox 967 2921 1119 2976; x_wconf 87' lang='lat' dir='ltr'>Fam.</span> <span class='ocrx_word' id='word_1_248' title='bbox 1140 2921 1209 2976; x_wconf 95' lang='grc' dir='ltr'>ΙΙ.</span> <span class='ocrx_word' id='word_1_249' title='bbox 1232 2928 1279 2976; x_wconf 97' lang='grc'>5.</span> <span class='ocrx_word' id='word_1_250' title='bbox 1307 2928 1354 2977; x_wconf 89' lang='grc'>1.</span> 
     </span>
     <span class='ocr_line' id='line_1_30' title="bbox 232 2992 1358 3049; baseline 0 -2"><span class='ocrx_word' id='word_1_251' title='bbox 232 2992 531 3048; x_wconf 75' lang='lat' dir='ltr'>Excelsa</span> <span class='ocrx_word' id='word_1_252' title='bbox 567 2999 626 3046; x_wconf 88' lang='lat' dir='ltr'>et</span> <span class='ocrx_word' id='word_1_253' title='bbox 660 2994 929 3049; x_wconf 80' lang='lat' dir='ltr'>illustri</span> <span class='ocrx_word' id='word_1_254' title='bbox 967 2994 1110 3048; x_wconf 81' lang='lat' dir='ltr'>loco</span> <span class='ocrx_word' id='word_1_255' title='bbox 1144 2995 1254 3048; x_wconf 77' lang='lat' dir='ltr'>sita</span> <span class='ocrx_word' id='word_1_256' title='bbox 1282 2998 1358 3047; x_wconf 78' lang='lat' dir='ltr'>est</span> 
     </span>
     <span class='ocr_line' id='line_1_31' title="bbox 241 3065 1357 3134; baseline 0.001 -16"><span class='ocrx_word' id='word_1_257' title='bbox 241 3066 367 3119; x_wconf 78' lang='lat' dir='ltr'>laus</span> <span class='ocrx_word' id='word_1_258' title='bbox 402 3069 504 3119; x_wconf 78' lang='lat' dir='ltr'>tua</span> <span class='ocrx_word' id='word_1_259' title='bbox 534 3065 599 3118; x_wconf 74' lang='lat' dir='ltr'>in</span> <span class='ocrx_word' id='word_1_260' title='bbox 617 3065 987 3134; x_wconf 74' lang='lat' dir='ltr'>plurimorum</span> <span class='ocrx_word' id='word_1_261' title='bbox 1014 3069 1064 3118; x_wconf 83' lang='lat' dir='ltr'>et</span> <span class='ocrx_word' id='word_1_262' title='bbox 1088 3080 1357 3119; x_wconf 58' lang='lat' dir='ltr'>sociorum</span> 
     </span>
     <span class='ocr_line' id='line_1_32' title="bbox 239 3133 1354 3205; baseline 0 -15"><span class='ocrx_word' id='word_1_263' title='bbox 239 3141 291 3190; x_wconf 87' lang='lat' dir='ltr'>et</span> <span class='ocrx_word' id='word_1_264' title='bbox 327 3133 530 3190; x_wconf 78' lang='lat' dir='ltr'>civium</span> <span class='ocrx_word' id='word_1_265' title='bbox 565 3151 690 3189; x_wconf 73' lang='lat' dir='ltr'>cons</span> <span class='ocrx_word' id='word_1_266' title='bbox 758 3141 862 3191; x_wconf 85' lang='lat' dir='ltr'>ctu.</span> <span class='ocrx_word' id='word_1_267' title='bbox 936 3136 1025 3205; x_wconf 84' lang='lat' dir='ltr'>Vg</span> <span class='ocrx_word' id='word_1_268' title='bbox 1027 3136 1065 3188; x_wconf 90' lang='lat' dir='ltr'>l.</span> <span class='ocrx_word' id='word_1_269' title='bbox 1103 3135 1258 3189; x_wconf 87' lang='lat' dir='ltr'>Brut.</span> <span class='ocrx_word' id='word_1_270' title='bbox 1297 3142 1354 3190; x_wconf 93' lang='grc'>6·</span> 
     </span>
     <span class='ocr_line' id='line_1_33' title="bbox 234 3206 1357 3275; baseline -0.002 -14"><span class='ocrx_word' id='word_1_271' title='bbox 234 3207 420 3273; x_wconf 80' lang='lat' dir='ltr'>forum</span> <span class='ocrx_word' id='word_1_272' title='bbox 442 3206 643 3275; x_wconf 76' lang='lat' dir='ltr'>populi</span> <span class='ocrx_word' id='word_1_273' title='bbox 725 3207 1003 3261; x_wconf 78' lang='lat' dir='ltr'>omani—</span> <span class='ocrx_word' id='word_1_274' title='bbox 1024 3209 1186 3275; x_wconf 75' lang='lat' dir='ltr'>quasi</span> <span class='ocrx_word' id='word_1_275' title='bbox 1209 3208 1357 3261; x_wconf 83' lang='lat' dir='ltr'>thea-</span> 
     </span>
    </p>
   </div>
   <div class='ocr_carea' id='block_1_6' title="bbox 1461 2922 2581 3278">
    <p class='ocr_par' dir='ltr' id='par_1_7' title="bbox 1461 2922 2581 3278">
     <span class='ocr_line' id='line_1_34' title="bbox 1463 2922 2579 2995; baseline 0.001 -18"><span class='ocrx_word' id='word_1_276' title='bbox 1463 2923 1652 2977; x_wconf 82' lang='lat' dir='ltr'>ceteris</span> <span class='ocrx_word' id='word_1_277' title='bbox 1666 2922 1995 2979; x_wconf 75' lang='lat' dir='ltr'>civitatibus.</span> <span class='ocrx_word' id='word_1_278' title='bbox 2007 2952 2074 2961; x_wconf 96' lang='lat'><strong>—</strong></span> <span class='ocrx_word' id='word_1_279' title='bbox 2085 2922 2323 2994; x_wconf 75' lang='lat' dir='ltr'>reliqua]</span> <span class='ocrx_word' id='word_1_280' title='bbox 2341 2923 2579 2995; x_wconf 69' lang='lat' dir='ltr'>kumftiq,</span> 
     </span>
     <span class='ocr_line' id='line_1_35' title="bbox 1462 2994 2576 3065; baseline -0.001 -17"><span class='ocrx_word' id='word_1_281' title='bbox 1462 2994 1570 3048; x_wconf 87' lang='lat' dir='ltr'>wie</span> <span class='ocrx_word' id='word_1_282' title='bbox 1597 3009 1717 3064; x_wconf 75' lang='lat' dir='ltr'>spes</span> <span class='ocrx_word' id='word_1_283' title='bbox 1742 2994 1986 3062; x_wconf 76' lang='lat' dir='ltr'>reliquae</span> <span class='ocrx_word' id='word_1_284' title='bbox 2005 2994 2448 3063; x_wconf 64' lang='lat' dir='ltr'>tranqusslitatis,</span> <span class='ocrx_word' id='word_1_285' title='bbox 2475 3011 2576 3065; x_wconf 88' lang='lat' dir='ltr'>pro</span> 
     </span>
     <span class='ocr_line' id='line_1_36' title="bbox 1461 3063 2581 3220; baseline 0.003 -30"><span class='ocrx_word' id='word_1_286' title='bbox 1461 3065 1606 3220; x_wconf 64' lang='grc' dir='ltr'>ἓξὲξ</span> <span class='ocrx_word' id='word_1_287' title='bbox 1636 3069 1900 3205; x_wconf 55' lang='lat' dir='ltr'>3322.ssss</span> <span class='ocrx_word' id='word_1_288' title='bbox 1929 3063 2363 3192; x_wconf 48' lang='lat' dir='ltr'>tima?</span> <span class='ocrx_word' id='word_1_289' title='bbox 2388 3072 2462 3177; x_wconf 72' lang='grc' dir='ltr'>Ξ·</span> <span class='ocrx_word' id='word_1_290' title='bbox 2493 3096 2581 3193; x_wconf 62' lang='grc' dir='ltr'>Ᾱῑ,</span> 
     </span>
     <span class='ocr_line' id='line_1_37' title="bbox 1462 3206 2577 3278; baseline -0.001 -16"><span class='ocrx_word' id='word_1_291' title='bbox 1462 3208 1515 3262; x_wconf 80' lang='lat' dir='ltr'>si</span> <span class='ocrx_word' id='word_1_292' title='bbox 1556 3208 1693 3261; x_wconf 70' lang='lat' dir='ltr'><strong><em>mihi</em></strong></span> <span class='ocrx_word' id='word_1_293' title='bbox 1735 3209 2034 3277; x_wconf 76' lang='lat' dir='ltr'>quidquam</span> <span class='ocrx_word' id='word_1_294' title='bbox 2078 3206 2198 3278; x_wconf 69' lang='lat' dir='ltr'>eta]</span> <span class='ocrx_word' id='word_1_295' title='bbox 2255 3208 2440 3262; x_wconf 90' lang='lat' dir='ltr'>Wenn</span> <span class='ocrx_word' id='word_1_296' title='bbox 2483 3209 2577 3262; x_wconf 88' lang='lat' dir='ltr'>ich</span> 
     </span>
    </p>
   </div>
   <div class='ocr_carea' id='block_1_7' title="bbox 224 3276 1358 4483">
    <p class='ocr_par' dir='ltr' id='par_1_8' title="bbox 233 3276 1357 3700">
     <span class='ocr_line' id='line_1_38' title="bbox 233 3276 1357 3358; baseline -0.002 -26"><span class='ocrx_word' id='word_1_297' title='bbox 233 3282 382 3332; x_wconf 81' lang='lat' dir='ltr'>trum</span> <span class='ocrx_word' id='word_1_298' title='bbox 417 3277 574 3331; x_wconf 78' lang='lat' dir='ltr'>illius</span> <span class='ocrx_word' id='word_1_299' title='bbox 607 3278 835 3358; x_wconf 61' lang='lat' dir='ltr'>mqenii.</span> <span class='ocrx_word' id='word_1_300' title='bbox 909 3278 1022 3331; x_wconf 91' lang='lat' dir='ltr'>Der</span> <span class='ocrx_word' id='word_1_301' title='bbox 1061 3276 1357 3346; x_wconf 86' lang='lat' dir='ltr'>Vergleich</span> 
     </span>
     <span class='ocr_line' id='line_1_39' title="bbox 234 3346 1353 3429; baseline -0.001 -28"><span class='ocrx_word' id='word_1_302' title='bbox 234 3348 438 3402; x_wconf 87' lang='lat' dir='ltr'>Asiens</span> <span class='ocrx_word' id='word_1_303' title='bbox 453 3347 558 3401; x_wconf 90' lang='lat' dir='ltr'>mit</span> <span class='ocrx_word' id='word_1_304' title='bbox 578 3346 760 3403; x_wconf 88' lang='lat' dir='ltr'>einem</span> <span class='ocrx_word' id='word_1_305' title='bbox 768 3350 1038 3404; x_wconf 78' lang='lat' dir='ltr'>theatrum</span> <span class='ocrx_word' id='word_1_306' title='bbox 1046 3348 1206 3402; x_wconf 86' lang='lat' dir='ltr'>istim</span> <span class='ocrx_word' id='word_1_307' title='bbox 1219 3347 1353 3429; x_wconf 85' lang='lat' dir='ltr'>folg.</span> 
     </span>
     <span class='ocr_line' id='line_1_40' title="bbox 238 3416 1355 3490; baseline -0.001 -17"><span class='ocrx_word' id='word_1_308' title='bbox 238 3418 670 3488; x_wconf 77' lang='lat' dir='ltr'>durchgeffihrt·</span> <span class='ocrx_word' id='word_1_309' title='bbox 741 3420 1167 3490; x_wconf 68' lang='lat' dir='ltr'>siqnificationes</span> <span class='ocrx_word' id='word_1_310' title='bbox 1231 3416 1355 3473; x_wconf 83' lang='lat' dir='ltr'>sind</span> 
     </span>
     <span class='ocr_line' id='line_1_41' title="bbox 237 3489 1356 3573; baseline 0.001 -29"><span class='ocrx_word' id='word_1_311' title='bbox 237 3491 329 3545; x_wconf 89' lang='lat' dir='ltr'>die</span> <span class='ocrx_word' id='word_1_312' title='bbox 348 3489 995 3573; x_wconf 35' lang='lat' dir='ltr'>Beifallsobezeugungen.</span> <span class='ocrx_word' id='word_1_313' title='bbox 1022 3520 1088 3530; x_wconf 89' lang='lat'>—-·</span> <span class='ocrx_word' id='word_1_314' title='bbox 1119 3491 1356 3573; x_wconf 78' lang='lat' dir='ltr'>artibus]</span> 
     </span>
     <span class='ocr_line' id='line_1_42' title="bbox 237 3560 1357 3616; baseline -0.001 0"><span class='ocrx_word' id='word_1_315' title='bbox 237 3566 382 3616; x_wconf 79' lang='lat' dir='ltr'>artes</span> <span class='ocrx_word' id='word_1_316' title='bbox 432 3560 762 3616; x_wconf 84' lang='lat' dir='ltr'>bezeichnet</span> <span class='ocrx_word' id='word_1_317' title='bbox 806 3562 951 3615; x_wconf 87' lang='lat' dir='ltr'>auch</span> <span class='ocrx_word' id='word_1_318' title='bbox 998 3561 1087 3614; x_wconf 89' lang='lat' dir='ltr'>die</span> <span class='ocrx_word' id='word_1_319' title='bbox 1133 3561 1357 3616; x_wconf 87' lang='lat' dir='ltr'>morali-</span> 
     </span>
     <span class='ocr_line' id='line_1_43' title="bbox 240 3630 1356 3700; baseline -0.001 -14"><span class='ocrx_word' id='word_1_320' title='bbox 240 3632 414 3686; x_wconf 87' lang='lat' dir='ltr'>schen</span> <span class='ocrx_word' id='word_1_321' title='bbox 425 3630 698 3700; x_wconf 86' lang='lat' dir='ltr'>Eigensch</span> <span class='ocrx_word' id='word_1_322' title='bbox 704 3632 859 3686; x_wconf 82' lang='lat' dir='ltr'>asten</span> <span class='ocrx_word' id='word_1_323' title='bbox 878 3633 1029 3686; x_wconf 87' lang='lat' dir='ltr'>eines</span> <span class='ocrx_word' id='word_1_324' title='bbox 1039 3632 1356 3686; x_wconf 87' lang='lat' dir='ltr'>Menschen.</span> 
     </span>
    </p>

    <p class='ocr_par' dir='ltr' id='par_1_9' title="bbox 224 3702 1358 4483">
     <span class='ocr_line' id='line_1_44' title="bbox 306 3702 1355 3774; baseline 0 -17"><span class='ocrx_word' id='word_1_325' title='bbox 306 3709 396 3758; x_wconf 88' lang='lat'><strong>43.</strong></span> <span class='ocrx_word' id='word_1_326' title='bbox 437 3718 579 3772; x_wconf 74' lang='lat' dir='ltr'>pars</span> <span class='ocrx_word' id='word_1_327' title='bbox 619 3704 829 3758; x_wconf 74' lang='lat' dir='ltr'>nemini</span> <span class='ocrx_word' id='word_1_328' title='bbox 876 3734 941 3743; x_wconf 92' lang='lat'>—-</span> <span class='ocrx_word' id='word_1_329' title='bbox 988 3709 1087 3757; x_wconf 85' lang='lat' dir='ltr'>tua</span> <span class='ocrx_word' id='word_1_330' title='bbox 1135 3702 1355 3774; x_wconf 78' lang='lat' dir='ltr'>ceteros]</span> 
     </span>
     <span class='ocr_line' id='line_1_45' title="bbox 235 3761 1358 3842; baseline 0 -14"><span class='ocrx_word' id='word_1_331' title='bbox 235 3773 362 3829; x_wconf 86' lang='lat' dir='ltr'>eine</span> <span class='ocrx_word' id='word_1_332' title='bbox 392 3775 526 3828; x_wconf 86' lang='lat' dir='ltr'>sehr</span> <span class='ocrx_word' id='word_1_333' title='bbox 551 3761 742 3842; x_wconf 70' lang='lat' dir='ltr'>haufig</span> <span class='ocrx_word' id='word_1_334' title='bbox 773 3774 1204 3828; x_wconf 87' lang='lat' dir='ltr'>vorkommende</span> <span class='ocrx_word' id='word_1_335' title='bbox 1224 3775 1358 3828; x_wconf 85' lang='lat' dir='ltr'>Bra-</span> 
     </span>
     <span class='ocr_line' id='line_1_46' title="bbox 229 3838 1347 3928; baseline 0 -29"><span class='ocrx_word' id='word_1_336' title='bbox 229 3844 492 3926; x_wconf 76' lang='lat' dir='ltr'>chylogie</span> <span class='ocrx_word' id='word_1_337' title='bbox 563 3844 621 3898; x_wconf 89' lang='lat' dir='ltr'>in</span> <span class='ocrx_word' id='word_1_338' title='bbox 692 3838 1347 3928; x_wconf 75' lang='lat' dir='ltr'>Vergleichungss‘atzen,</span> 
     </span>
     <span class='ocr_line' id='line_1_47' title="bbox 224 3914 1350 3985; baseline -0.001 -15"><span class='ocrx_word' id='word_1_339' title='bbox 224 3914 419 3971; x_wconf 87' lang='lat' dir='ltr'>indem</span> <span class='ocrx_word' id='word_1_340' title='bbox 474 3915 574 3969; x_wconf 90' lang='lat' dir='ltr'>der</span> <span class='ocrx_word' id='word_1_341' title='bbox 619 3915 983 3985; x_wconf 82' lang='lat' dir='ltr'>Eigenschaft</span> <span class='ocrx_word' id='word_1_342' title='bbox 1038 3916 1133 3970; x_wconf 87' lang='lat' dir='ltr'>des</span> <span class='ocrx_word' id='word_1_343' title='bbox 1186 3915 1350 3970; x_wconf 89' lang='lat' dir='ltr'>einen</span> 
     </span>
     <span class='ocr_line' id='line_1_48' title="bbox 232 3986 1349 4058; baseline -0.001 -17"><span class='ocrx_word' id='word_1_344' title='bbox 232 3987 656 4058; x_wconf 85' lang='lat' dir='ltr'>Gegenstandes</span> <span class='ocrx_word' id='word_1_345' title='bbox 719 3988 818 4041; x_wconf 87' lang='lat' dir='ltr'>der</span> <span class='ocrx_word' id='word_1_346' title='bbox 870 3987 1076 4041; x_wconf 87' lang='lat' dir='ltr'>andere</span> <span class='ocrx_word' id='word_1_347' title='bbox 1132 3986 1252 4055; x_wconf 82' lang='lat' dir='ltr'>Geg</span> <span class='ocrx_word' id='word_1_348' title='bbox 1254 4003 1349 4041; x_wconf 92' lang='lat' dir='ltr'>en-</span> 
     </span>
     <span class='ocr_line' id='line_1_49' title="bbox 230 4004 1345 4128; baseline 0 -17"><span class='ocrx_word' id='word_1_349' title='bbox 230 4058 397 4113; x_wconf 85' lang='lat' dir='ltr'>stand</span> <span class='ocrx_word' id='word_1_350' title='bbox 435 4057 611 4112; x_wconf 88' lang='lat' dir='ltr'>selbst</span> <span class='ocrx_word' id='word_1_351' title='bbox 645 4058 1155 4128; x_wconf 84' lang='lat' dir='ltr'>entgegengestellt</span> <span class='ocrx_word' id='word_1_352' title='bbox 1191 4004 1345 4111; x_wconf 70' lang='lat' dir='ltr'>wgird.</span> 
     </span>
     <span class='ocr_line' id='line_1_50' title="bbox 232 4128 1351 4198; baseline 0 -16"><span class='ocrx_word' id='word_1_353' title='bbox 232 4128 392 4185; x_wconf 85' lang='lat' dir='ltr'>Tusc.</span> <span class='ocrx_word' id='word_1_354' title='bbox 431 4130 473 4183; x_wconf 92' lang='lat' dir='ltr'><strong>I.</strong></span> <span class='ocrx_word' id='word_1_355' title='bbox 507 4134 564 4184; x_wconf 92' lang='lat'><strong>1.</strong></span> <span class='ocrx_word' id='word_1_356' title='bbox 617 4129 745 4183; x_wconf 87' lang='lat' dir='ltr'>Iam</span> <span class='ocrx_word' id='word_1_357' title='bbox 780 4131 897 4196; x_wconf 82' lang='lat' dir='ltr'>illa,</span> <span class='ocrx_word' id='word_1_358' title='bbox 934 4145 1072 4198; x_wconf 80' lang='lat' dir='ltr'>quae</span> <span class='ocrx_word' id='word_1_359' title='bbox 1107 4128 1351 4183; x_wconf 80' lang='lat' dir='ltr'>Romani</span> 
     </span>
     <span class='ocr_line' id='line_1_51' title="bbox 226 4200 1349 4266; baseline -0.003 -10"><span class='ocrx_word' id='word_1_360' title='bbox 226 4206 464 4265; x_wconf 75' lang='lat' dir='ltr'>natura,</span> <span class='ocrx_word' id='word_1_361' title='bbox 519 4215 630 4254; x_wconf 76' lang='lat' dir='ltr'>non</span> <span class='ocrx_word' id='word_1_362' title='bbox 685 4200 881 4255; x_wconf 78' lang='lat' dir='ltr'>litteris</span> <span class='ocrx_word' id='word_1_363' title='bbox 926 4201 1159 4255; x_wconf 79' lang='lat' dir='ltr'>assecuti</span> <span class='ocrx_word' id='word_1_364' title='bbox 1203 4205 1349 4266; x_wconf 79' lang='lat' dir='ltr'>swnt,</span> 
     </span>
     <span class='ocr_line' id='line_1_52' title="bbox 230 4269 1351 4342; baseline -0.002 -16"><span class='ocrx_word' id='word_1_365' title='bbox 230 4287 400 4342; x_wconf 74' lang='lat' dir='ltr'>neque</span> <span class='ocrx_word' id='word_1_366' title='bbox 436 4287 557 4325; x_wconf 85' lang='lat' dir='ltr'>cum</span> <span class='ocrx_word' id='word_1_367' title='bbox 600 4269 836 4325; x_wconf 78' lang='lat' dir='ltr'>Graecia</span> <span class='ocrx_word' id='word_1_368' title='bbox 870 4286 1040 4339; x_wconf 75' lang='lat' dir='ltr'>neque</span> <span class='ocrx_word' id='word_1_369' title='bbox 1074 4271 1196 4324; x_wconf 83' lang='lat' dir='ltr'>ulla</span> <span class='ocrx_word' id='word_1_370' title='bbox 1231 4287 1351 4325; x_wconf 88' lang='lat' dir='ltr'>cum</span> 
     </span>
     <span class='ocr_line' id='line_1_53' title="bbox 233 4341 1348 4413; baseline -0.004 -16"><span class='ocrx_word' id='word_1_371' title='bbox 233 4348 387 4413; x_wconf 71' lang='lat' dir='ltr'>yeme</span> <span class='ocrx_word' id='word_1_372' title='bbox 421 4347 554 4397; x_wconf 76' lang='lat' dir='ltr'>sumt</span> <span class='ocrx_word' id='word_1_373' title='bbox 591 4343 934 4408; x_wconf 75' lang='lat' dir='ltr'>conferenda.</span> <span class='ocrx_word' id='word_1_374' title='bbox 975 4341 1044 4396; x_wconf 90' lang='lat' dir='ltr'>de</span> <span class='ocrx_word' id='word_1_375' title='bbox 1064 4358 1177 4409; x_wconf 85' lang='lat' dir='ltr'>rep.</span> <span class='ocrx_word' id='word_1_376' title='bbox 1201 4341 1268 4396; x_wconf 92' lang='lat'><strong>11.</strong></span> <span class='ocrx_word' id='word_1_377' title='bbox 1293 4346 1348 4394; x_wconf 90' lang='grc'>1.</span> 
     </span>
     <span class='ocr_line' id='line_1_54' title="bbox 224 4413 1351 4483; baseline -0.004 -14"><span class='ocrx_word' id='word_1_378' title='bbox 224 4418 516 4483; x_wconf 72' lang='lat' dir='ltr'>praestare</span> <span class='ocrx_word' id='word_1_379' title='bbox 578 4418 795 4467; x_wconf 74' lang='lat' dir='ltr'>nostrae</span> <span class='ocrx_word' id='word_1_380' title='bbox 858 4413 1098 4468; x_wconf 79' lang='lat' dir='ltr'>civitatis</span> <span class='ocrx_word' id='word_1_381' title='bbox 1149 4417 1351 4468; x_wconf 75' lang='lat' dir='ltr'>statum</span> 
     </span>
    </p>
   </div>
   <div class='ocr_carea' id='block_1_8' title="bbox 1454 3276 2602 4484">
    <p class='ocr_par' dir='ltr' id='par_1_10' title="bbox 1454 3276 2602 4042">
     <span class='ocr_line' id='line_1_55' title="bbox 1465 3276 2602 3348; baseline 0.001 -16"><span class='ocrx_word' id='word_1_382' title='bbox 1465 3279 1612 3332; x_wconf 87' lang='lat' dir='ltr'>auch</span> <span class='ocrx_word' id='word_1_383' title='bbox 1644 3296 1751 3332; x_wconf 89' lang='lat' dir='ltr'>nur</span> <span class='ocrx_word' id='word_1_384' title='bbox 1787 3284 1983 3333; x_wconf 82' lang='lat' dir='ltr'>etwas</span> <span class='ocrx_word' id='word_1_385' title='bbox 2017 3276 2258 3348; x_wconf 83' lang='lat' dir='ltr'>Eigenes</span> <span class='ocrx_word' id='word_1_386' title='bbox 2292 3277 2478 3346; x_wconf 69' lang='lat' dir='ltr'>hatte,</span> <span class='ocrx_word' id='word_1_387' title='bbox 2517 3278 2602 3333; x_wconf 68' lang='lat' dir='ltr'>so&#39;</span> 
     </span>
     <span class='ocr_line' id='line_1_56' title="bbox 1463 3348 2577 3431; baseline 0 -29"><span class='ocrx_word' id='word_1_388' title='bbox 1463 3349 1655 3403; x_wconf 76' lang='lat' dir='ltr'>wiirde</span> <span class='ocrx_word' id='word_1_389' title='bbox 1717 3348 1806 3403; x_wconf 89' lang='lat' dir='ltr'>ich</span> <span class='ocrx_word' id='word_1_390' title='bbox 1862 3349 1969 3403; x_wconf 88' lang='lat' dir='ltr'>mit</span> <span class='ocrx_word' id='word_1_391' title='bbox 2021 3349 2121 3402; x_wconf 87' lang='lat' dir='ltr'>der</span> <span class='ocrx_word' id='word_1_392' title='bbox 2176 3348 2434 3431; x_wconf 77' lang='lat' dir='ltr'>Stellung</span> <span class='ocrx_word' id='word_1_393' title='bbox 2489 3368 2577 3402; x_wconf 86' lang='lat' dir='ltr'>zu-</span> 
     </span>
     <span class='ocr_line' id='line_1_57' title="bbox 1462 3419 2576 3488; baseline -0.001 -15"><span class='ocrx_word' id='word_1_394' title='bbox 1462 3419 1678 3474; x_wconf 89' lang='lat' dir='ltr'>frieden</span> <span class='ocrx_word' id='word_1_395' title='bbox 1716 3419 1850 3488; x_wconf 87' lang='lat' dir='ltr'>sein,</span> <span class='ocrx_word' id='word_1_396' title='bbox 1889 3419 1979 3473; x_wconf 92' lang='lat' dir='ltr'>die</span> <span class='ocrx_word' id='word_1_397' title='bbox 2015 3419 2108 3472; x_wconf 88' lang='lat' dir='ltr'>ich</span> <span class='ocrx_word' id='word_1_398' title='bbox 2139 3419 2246 3473; x_wconf 90' lang='lat' dir='ltr'>mir</span> <span class='ocrx_word' id='word_1_399' title='bbox 2273 3420 2576 3474; x_wconf 86' lang='lat' dir='ltr'>erworben.</span> 
     </span>
     <span class='ocr_line' id='line_1_58' title="bbox 1468 3489 2577 3561; baseline 0.001 -17"><span class='ocrx_word' id='word_1_400' title='bbox 1468 3491 1547 3545; x_wconf 91' lang='lat' dir='ltr'>Zu</span> <span class='ocrx_word' id='word_1_401' title='bbox 1591 3492 1774 3561; x_wconf 77' lang='lat' dir='ltr'>quidq.</span> <span class='ocrx_word' id='word_1_402' title='bbox 1821 3509 1862 3545; x_wconf 89' lang='lat' dir='ltr'>s.</span> <span class='ocrx_word' id='word_1_403' title='bbox 1909 3510 1951 3545; x_wconf 88' lang='lat' dir='ltr'><strong>z.</strong></span> <span class='ocrx_word' id='word_1_404' title='bbox 1997 3489 2065 3547; x_wconf 88' lang='lat' dir='ltr'>IL</span> <span class='ocrx_word' id='word_1_405' title='bbox 2114 3495 2196 3545; x_wconf 79' lang='lat'><strong>17.</strong></span> <span class='ocrx_word' id='word_1_406' title='bbox 2238 3495 2287 3545; x_wconf 91' lang='lat'><strong>1.</strong></span> <span class='ocrx_word' id='word_1_407' title='bbox 2325 3521 2393 3530; x_wconf 90' lang='lat'>—</span> <span class='ocrx_word' id='word_1_408' title='bbox 2428 3506 2577 3545; x_wconf 71' lang='lat' dir='ltr'>unus</span> 
     </span>
     <span class='ocr_line' id='line_1_59' title="bbox 1459 3562 2573 3634; baseline 0.001 -18"><span class='ocrx_word' id='word_1_409' title='bbox 1459 3580 1551 3631; x_wconf 79' lang='lat' dir='ltr'>pr.</span> <span class='ocrx_word' id='word_1_410' title='bbox 1588 3562 1710 3634; x_wconf 65' lang='lat' dir='ltr'>cet]</span> <span class='ocrx_word' id='word_1_411' title='bbox 1747 3581 1815 3616; x_wconf 86' lang='lat' dir='ltr'>zu</span> <span class='ocrx_word' id='word_1_412' title='bbox 1850 3578 1996 3617; x_wconf 80' lang='lat' dir='ltr'>wnus</span> <span class='ocrx_word' id='word_1_413' title='bbox 2032 3562 2144 3631; x_wconf 85' lang='lat' dir='ltr'>vgl.</span> <span class='ocrx_word' id='word_1_414' title='bbox 2183 3581 2227 3616; x_wconf 84' lang='lat' dir='ltr'><strong>z.</strong></span> <span class='ocrx_word' id='word_1_415' title='bbox 2266 3562 2333 3615; x_wconf 94' lang='grc' dir='ltr'>Π.</span> <span class='ocrx_word' id='word_1_416' title='bbox 2373 3566 2458 3616; x_wconf 79' lang='lat'><strong>28.</strong></span> <span class='ocrx_word' id='word_1_417' title='bbox 2491 3565 2573 3617; x_wconf 86' lang='grc'>15.</span> 
     </span>
     <span class='ocr_line' id='line_1_60' title="bbox 1468 3630 2576 3705; baseline -0.003 -18"><span class='ocrx_word' id='word_1_418' title='bbox 1468 3664 1533 3673; x_wconf 93' lang='lat'>—-</span> <span class='ocrx_word' id='word_1_419' title='bbox 1563 3635 1649 3688; x_wconf 79' lang='lat' dir='ltr'>his</span> <span class='ocrx_word' id='word_1_420' title='bbox 1683 3633 1836 3705; x_wconf 80' lang='lat' dir='ltr'>solis]</span> <span class='ocrx_word' id='word_1_421' title='bbox 1873 3634 1960 3687; x_wconf 81' lang='lat' dir='ltr'>his</span> <span class='ocrx_word' id='word_1_422' title='bbox 1988 3633 2215 3687; x_wconf 79' lang='lat' dir='ltr'>iudiciis</span> <span class='ocrx_word' id='word_1_423' title='bbox 2241 3631 2318 3687; x_wconf 87' lang='lat' dir='ltr'>ist</span> <span class='ocrx_word' id='word_1_424' title='bbox 2343 3630 2450 3686; x_wconf 89' lang='lat' dir='ltr'>mit</span> <span class='ocrx_word' id='word_1_425' title='bbox 2478 3631 2576 3685; x_wconf 88' lang='lat' dir='ltr'>der</span> 
     </span>
     <span class='ocr_line' id='line_1_61' title="bbox 1467 3703 2577 3784; baseline -0.003 -26"><span class='ocrx_word' id='word_1_426' title='bbox 1467 3705 1613 3759; x_wconf 91' lang='lat' dir='ltr'>oben</span> <span class='ocrx_word' id='word_1_427' title='bbox 1667 3710 1697 3770; x_wconf 66' lang='grc' dir='ltr'>ξ</span> <span class='ocrx_word' id='word_1_428' title='bbox 1748 3711 1809 3758; x_wconf 92' lang='grc'>11</span> <span class='ocrx_word' id='word_1_429' title='bbox 1869 3704 2193 3757; x_wconf 68' lang='lat' dir='ltr'>erwahnten</span> <span class='ocrx_word' id='word_1_430' title='bbox 2246 3703 2577 3784; x_wconf 86' lang='lat' dir='ltr'>Bedeutung</span> 
     </span>
     <span class='ocr_line' id='line_1_62' title="bbox 1464 3773 2574 3844; baseline -0.004 -15"><span class='ocrx_word' id='word_1_431' title='bbox 1464 3776 1563 3829; x_wconf 87' lang='lat' dir='ltr'>des</span> <span class='ocrx_word' id='word_1_432' title='bbox 1581 3775 1923 3829; x_wconf 87' lang='lat' dir='ltr'>Pronomens</span> <span class='ocrx_word' id='word_1_433' title='bbox 1935 3799 2003 3819; x_wconf 85' lang='lat'><em>=</em></span> <span class='ocrx_word' id='word_1_434' title='bbox 2014 3775 2115 3828; x_wconf 88' lang='lat' dir='ltr'>das</span> <span class='ocrx_word' id='word_1_435' title='bbox 2134 3775 2362 3844; x_wconf 83' lang='lat' dir='ltr'>heutige</span> <span class='ocrx_word' id='word_1_436' title='bbox 2375 3773 2574 3841; x_wconf 86' lang='lat' dir='ltr'>Urteil‚</span> 
     </span>
     <span class='ocr_line' id='line_1_63' title="bbox 1456 3846 2573 3914; baseline -0.001 -16"><span class='ocrx_word' id='word_1_437' title='bbox 1456 3864 1614 3901; x_wconf 84' lang='lat' dir='ltr'>wozu</span> <span class='ocrx_word' id='word_1_438' title='bbox 1658 3847 1939 3900; x_wconf 77' lang='lat' dir='ltr'>hominum</span> <span class='ocrx_word' id='word_1_439' title='bbox 1983 3846 2081 3914; x_wconf 78' lang='lat' dir='ltr'>qui</span> <span class='ocrx_word' id='word_1_440' title='bbox 2122 3861 2273 3900; x_wconf 75' lang='lat' dir='ltr'>nunc</span> <span class='ocrx_word' id='word_1_441' title='bbox 2317 3849 2448 3899; x_wconf 74' lang='lat' dir='ltr'>suut</span> <span class='ocrx_word' id='word_1_442' title='bbox 2489 3859 2573 3897; x_wconf 89' lang='lat' dir='ltr'>er-</span> 
     </span>
     <span class='ocr_line' id='line_1_64' title="bbox 1455 3863 2576 3985; baseline 0 -16"><span class='ocrx_word' id='word_1_443' title='bbox 1455 3916 1693 3971; x_wconf 67' lang='lat' dir='ltr'>klarend</span> <span class='ocrx_word' id='word_1_444' title='bbox 1737 3863 2045 3970; x_wconf 84' lang='lat' dir='ltr'>hinzutritt.</span> <span class='ocrx_word' id='word_1_445' title='bbox 2125 3915 2233 3970; x_wconf 87' lang='lat' dir='ltr'>Ein</span> <span class='ocrx_word' id='word_1_446' title='bbox 2278 3914 2576 3985; x_wconf 86' lang='lat' dir='ltr'>Analogon</span> 
     </span>
     <span class='ocr_line' id='line_1_65' title="bbox 1454 3986 2574 4042; baseline 0 -1"><span class='ocrx_word' id='word_1_447' title='bbox 1454 3986 1637 4042; x_wconf 90' lang='lat' dir='ltr'>bietet</span> <span class='ocrx_word' id='word_1_448' title='bbox 1664 3986 1755 4041; x_wconf 90' lang='lat' dir='ltr'>die</span> <span class='ocrx_word' id='word_1_449' title='bbox 1775 3988 2091 4041; x_wconf 78' lang='lat' dir='ltr'>Atti-action</span> <span class='ocrx_word' id='word_1_450' title='bbox 2118 3988 2214 4042; x_wconf 87' lang='lat' dir='ltr'>des</span> <span class='ocrx_word' id='word_1_451' title='bbox 2234 3986 2574 4041; x_wconf 88' lang='lat' dir='ltr'>Pronomens</span> 
     </span>
    </p>

    <p class='ocr_par' dir='ltr' id='par_1_11' title="bbox 1454 4055 2577 4409">
     <span class='ocr_line' id='line_1_66' title="bbox 1454 4055 2577 4114; baseline 0.001 -3.107"><span class='ocrx_word' id='word_1_452' title='bbox 1454 4058 1765 4113; x_wconf 80' lang='lat' dir='ltr'>mSatzen</span> <span class='ocrx_word' id='word_1_453' title='bbox 1808 4056 1914 4112; x_wconf 84' lang='lat' dir='ltr'>wie</span> <span class='ocrx_word' id='word_1_454' title='bbox 1959 4055 2167 4114; x_wconf 88' lang='lat' dir='ltr'><strong>Liv.1.</strong></span> <span class='ocrx_word' id='word_1_455' title='bbox 2220 4064 2302 4113; x_wconf 89' lang='grc'>30.</span> <span class='ocrx_word' id='word_1_456' title='bbox 2351 4065 2411 4112; x_wconf 92' lang='lat'>4·</span> <span class='ocrx_word' id='word_1_457' title='bbox 2474 4059 2577 4113; x_wconf 79' lang='lat' dir='ltr'>hac</span> 
     </span>
     <span class='ocr_line' id='line_1_67' title="bbox 1455 4129 2574 4200; baseline 0 -18"><span class='ocrx_word' id='word_1_458' title='bbox 1455 4130 1666 4197; x_wconf 67' lang='lat' dir='ltr'>fiducia</span> <span class='ocrx_word' id='word_1_459' title='bbox 1726 4130 1944 4185; x_wconf 54' lang='lat' dir='ltr'>varium.</span> <span class='ocrx_word' id='word_1_460' title='bbox 2008 4160 2072 4168; x_wconf 92' lang='lat'><strong>—</strong></span> <span class='ocrx_word' id='word_1_461' title='bbox 2134 4131 2228 4185; x_wconf 80' lang='lat' dir='ltr'>sed</span> <span class='ocrx_word' id='word_1_462' title='bbox 2289 4130 2385 4200; x_wconf 80' lang='lat' dir='ltr'>iis]</span> <span class='ocrx_word' id='word_1_463' title='bbox 2451 4129 2574 4183; x_wconf 87' lang='lat' dir='ltr'>eine</span> 
     </span>
     <span class='ocr_line' id='line_1_68' title="bbox 1459 4197 2576 4282; baseline -0.001 -29"><span class='ocrx_word' id='word_1_464' title='bbox 1459 4199 1720 4253; x_wconf 69' lang='lat' dir='ltr'>almliche</span> <span class='ocrx_word' id='word_1_465' title='bbox 1748 4197 2117 4282; x_wconf 73' lang='lat' dir='ltr'>Brachylogie</span> <span class='ocrx_word' id='word_1_466' title='bbox 2153 4200 2258 4255; x_wconf 82' lang='lat' dir='ltr'>wie</span> <span class='ocrx_word' id='word_1_467' title='bbox 2288 4202 2448 4269; x_wconf 91' lang='lat' dir='ltr'>oben,</span> <span class='ocrx_word' id='word_1_468' title='bbox 2485 4200 2576 4253; x_wconf 87' lang='lat' dir='ltr'>fur</span> 
     </span>
     <span class='ocr_line' id='line_1_69' title="bbox 1456 4270 2574 4341; baseline -0.002 -16"><span class='ocrx_word' id='word_1_469' title='bbox 1456 4287 1640 4325; x_wconf 85' lang='lat' dir='ltr'>eorum</span> <span class='ocrx_word' id='word_1_470' title='bbox 1677 4270 1914 4325; x_wconf 75' lang='lat' dir='ltr'>iudieiia</span> <span class='ocrx_word' id='word_1_471' title='bbox 1951 4301 2017 4310; x_wconf 93' lang='lat'>-</span> <span class='ocrx_word' id='word_1_472' title='bbox 2046 4272 2289 4341; x_wconf 73' lang='lat' dir='ltr'>illorum]</span> <span class='ocrx_word' id='word_1_473' title='bbox 2327 4271 2380 4326; x_wconf 91' lang='lat' dir='ltr'>d.</span> <span class='ocrx_word' id='word_1_474' title='bbox 2410 4270 2446 4327; x_wconf 91' lang='lat' dir='ltr'>i.</span> <span class='ocrx_word' id='word_1_475' title='bbox 2476 4270 2574 4339; x_wconf 76' lang='lat' dir='ltr'>qui</span> 
     </span>
     <span class='ocr_line' id='line_1_70' title="bbox 1456 4340 2570 4409; baseline -0.003 -13"><span class='ocrx_word' id='word_1_476' title='bbox 1456 4342 1642 4409; x_wconf 77' lang='lat' dir='ltr'>futuri</span> <span class='ocrx_word' id='word_1_477' title='bbox 1686 4347 1844 4409; x_wconf 77' lang='lat' dir='ltr'>sunt,</span> <span class='ocrx_word' id='word_1_478' title='bbox 1891 4341 1975 4395; x_wconf 87' lang='lat' dir='ltr'>als</span> <span class='ocrx_word' id='word_1_479' title='bbox 2024 4340 2114 4396; x_wconf 89' lang='lat' dir='ltr'>die</span> <span class='ocrx_word' id='word_1_480' title='bbox 2160 4340 2570 4397; x_wconf 82' lang='lat' dir='ltr'>Entfernteren.</span> 
     </span>
    </p>

    <p class='ocr_par' dir='ltr' id='par_1_12' title="bbox 1531 4412 2571 4484">
     <span class='ocr_line' id='line_1_71' title="bbox 1531 4412 2571 4484; baseline 0 -20"><span class='ocrx_word' id='word_1_481' title='bbox 1531 4416 1617 4469; x_wconf 91' lang='lat'>44.</span> <span class='ocrx_word' id='word_1_482' title='bbox 1656 4413 1975 4484; x_wconf 74' lang='lat' dir='ltr'>neqleyeres]</span> <span class='ocrx_word' id='word_1_483' title='bbox 2022 4415 2190 4467; x_wconf 76' lang='lat' dir='ltr'>n&#39;aml.</span> <span class='ocrx_word' id='word_1_484' title='bbox 2231 4412 2321 4466; x_wconf 86' lang='lat' dir='ltr'>fur</span> <span class='ocrx_word' id='word_1_485' title='bbox 2371 4412 2571 4465; x_wconf 87' lang='lat' dir='ltr'>deinen</span> 
     </span>
    </p>
   </div>
   <div class='ocr_carea' id='block_1_9' title="bbox 2075 4500 2146 4553">
    <p class='ocr_par' dir='ltr' id='par_1_13' title="bbox 2075 4500 2146 4553">
     <span class='ocr_line' id='line_1_72' title="bbox 2075 4500 2146 4553; baseline 0 -23"><span class='ocrx_word' id='word_1_486' title='bbox 2075 4500 2146 4553; x_wconf 63' lang='grc'>5*</span> 
     </span>
    </p>
   </div>
  </div>
 </body>
</html>
