3000 4917
748 210 810 276 Q.
849 211 1161 267 TULLIUS
1200 210 1474 267 CICERO.
1547 211 1622 268 M.
1660 211 1966 269 TULLIUS
2004 211 2192 268 TIRO.

298 378 837 440 Geschaftsfreund
896 380 998 439 des
1053 379 1322 459 Atticus,
1376 381 1500 439 und
1556 380 1661 440 der
1705 380 1955 441 Grieche
2001 381 2188 458 Lys0‚
2243 380 2416 441 beide
2461 381 2642 441 Gast-

296 468 552 528 freunde
617 469 810 528 seines
874 469 1102 547 Herm,
1164 469 1533 530 freundliche
1597 469 1936 529 Aufnahme
1999 470 2364 547 gewahrten.
2466 470 2640 530 Nach

299 558 497 617 seiner
539 556 1163 636 Wiederherstellung
1226 558 1422 617 diente
1488 578 1554 618 er
1616 558 1730 617 mit
1803 557 1906 618 der
1969 558 2254 617 frfiheren
2308 557 2648 618 Selbstauf-

301 646 603 724 opferung
649 646 764 706 den
806 646 1151 707 Interessen
1198 644 1451 722 Ciceros,
1499 647 1615 706 den
1661 666 1726 706 er
1769 646 2097 706 fiberlebte.
2185 647 2269 705 Er
2313 666 2438 707 war
2485 648 2641 708 auch

294 736 389 794 als
438 734 873 795 Schriftsteller
917 736 1116 812 thatig
1161 735 1282 794 und
1328 735 1664 795 hinterliel's
1708 736 1981 796 mehrere
2027 735 2269 795 Werke.

1183 1031 1534 1098 Ems‘mLA
1577 1032 1752 1101 XXI.

1164 1153 1273 1223 (Ad
1310 1154 1440 1208 fam.
1478 1153 1626 1207 xvl.
1668 1155 1773 1223 14.)

1068 1275 1376 1332 TULLIUS
1415 1276 1673 1333 TIRONI
1712 1276 1863 1332 SAL.

483 1385 802 1450 Andricus
857 1386 1169 1467 postridie
1217 1387 1297 1451 ad
1345 1408 1448 1451 me
1494 1386 1699 1471 venit,
1754 1408 1947 1473 quam
1994 1389 2462 1471 exspectaram3
2523 1387 2639 1451 ita·
2667 1395 2704 1458 1

304 1496 430 1559 que
484 1474 685 1538 habui
739 1477 998 1540 noctem
1055 1475 1315 1558 plenam
1369 1476 1626 1540 timoris
1679 1497 1750 1540 ac
1798 1475 2112 1539 miseriae.
2201 1474 2357 1539 Tuis
2405 1474 2642 1539 litteris

301 1562 514 1628 nihilo
570 1584 712 1627 sum
766 1563 975 1627 factus
1037 1564 1299 1647 certior,
1363 1563 1684 1648 quomodo
1749 1568 1814 1628 te
1878 1563 2180 1647 haberes3
2247 1562 2356 1627 sed
2420 1567 2643 1628 tamen

303 1673 450 1715 sum
513 1655 861 1717 recreatus

968 1651 1116 1738 Ego
1181 1653 1359 1718 omni
1425 1653 1851 1718 delectatione
1915 1653 2276 1737 litterisque
2342 1654 2641 1718 omnibus

300 1761 511 1825 careo,
555 1762 716 1825 quas
763 1745 933 1824 ante,
981 1762 1175 1825 quam
1219 1746 1286 1805 te
1333 1741 1570 1822 videro,
1618 1742 1938 1827 attingere
1984 1762 2116 1805 non
2153 1762 2438 1825 possum.
2510 1740 2643 1805 Me-

298 1830 445 1894 dico
491 1827 804 1894 mercedis
852 1833 1168 1914 quantum
1223 1836 1445 1913 poscet
1497 1830 1794 1913 promitti
1848 1830 2099 1915 iubet03
2152 1829 2220 1893 id
2278 1830 2505 1912 scripsi
2562 1830 2642 1894 ad

293 1917 648 1983 Ummium.
740 1918 953 1983 Audio
1000 1922 1066 1983 te
1115 1920 1330 1984 animo
1377 1919 1532 2003 angi
1579 1923 1645 1983 et
1690 1920 2006 1984 medicum
2062 1919 2272 1983 dicere
2329 1940 2407 1982 ex
2453 1940 2531 1984 eo
2576 1921 2641 1984 te
2664 1925 2716 1988 2

297 2007 624 2071 laborare:
684 2008 739 2071 si
787 2029 889 2071 me
937 2007 1176 2092 diligis,
1220 2009 1432 2072 excita
1470 2030 1550 2073 ex
1588 2029 1815 2073 somno
1853 2013 2002 2072 tuas
2041 2007 2296 2072 litteras
2342 2006 2644 2072 humani-

294 2099 646 2181 tatemque,
690 2100 959 2180 propter
1007 2119 1199 2180 quam
1246 2097 1409 2162 mihi
1459 2119 1528 2162 es
1579 2097 1978 2182 carissimus3
2024 2118 2194 2161 nunc
2242 2118 2404 2181 opus
2444 2100 2543 2161 est
2579 2102 2644 2161 te

296 2185 518 2250 animo
565 2184 804 2266 valere,
849 2188 924 2250 ut
968 2207 1237 2268 corpore
1282 2186 1525 2270 possis:
1580 2185 1648 2250 id
1695 2208 1840 2251 cum
1885 2190 2021 2269 tua,
2071 2189 2212 2250 tum
2258 2207 2403 2250 mea
2447 2207 2644 2250 causa

300 2273 525 2351 faciaS‚
576 2295 615 2337 a
660 2277 726 2337 te
773 2278 943 2356 pet0.
1032 2272 1352 2339 Acastum
1397 2276 1622 2358 retine,
1669 2297 1796 2359 quo
1843 2274 2243 2340 commodius
2290 2274 2412 2338 tibi
2458 2275 2644 2338 mini-

300 2367 561 2427 stretur.
663 2359 992 2427 Conserva
1054 2368 1120 2428 te
1188 2364 1376 2428 mihi:

1439 2363 1575 2428 dies
1635 2364 2106 2448 promissorum
2171 2363 2385 2446 adest,
2452 2383 2646 2446 quem

299 2451 499 2515 etiam
555 2452 1087 2536 repraesentabo,
1145 2453 1201 2516 si
1256 2452 1611 2518 adveneris,
1701 2452 1922 2517 Etiam
1980 2455 2171 2534 atque
2227 2450 2423 2514 etiam
2480 2451 2651 2514 vale.

301 2557 402 2604 111.
449 2538 601 2603 Idus
647 2540 808 2604 hora
852 2559 944 2605 vl.

1164 2752 1524 2818 EPISTULA
1568 2752 1775 2817 XXII.

1159 2871 1270 2943 (Ad
1311 2874 1445 2930 fam.
1486 2872 1634 2930 xvl.
1680 2874 1787 2943 15.)

1077 2996 1378 3052 TULLms
1417 2996 1674 3053 TIRONI
1711 2963 1894 3056 SAL.-

483 3104 795 3191 Aegypta
852 3106 933 3170 ad
988 3128 1091 3173 me
1146 3108 1322 3172 venit
1374 3130 1469 3192 pr.
1523 3106 1677 3172 Idus
1733 3105 1891 3190 Apr.
1980 3108 2045 3173 Is
2101 3108 2225 3173 etsi
2280 3108 2441 3172 mihi
2483 3130 2643 3172 nun—
2668 3113 2712 3176 1

300 3194 497 3258 tiavit
538 3200 603 3259 te
648 3195 840 3278 plane
885 3195 1052 3260 febri
1098 3217 1316 3262 carere
1362 3200 1429 3260 et
1472 3196 1645 3261 belle
1692 3195 1956 3279 habere,
2008 3202 2254 3280 tamen,
2314 3196 2485 3280 quod
2528 3218 2642 3260 ne-

301 3282 488 3365 gavit
544 3288 611 3348 te
664 3285 956 3368 potuisse
1013 3284 1095 3350 ad
1149 3308 1254 3350 me
1310 3286 1615 3370 scribere,
1670 3307 1892 3350 curam
1946 3286 2107 3350 mihi
2161 3284 2410 3362 attulit,
2456 3287 2522 3347 et
2567 3306 2643 3349 eo

372 3456 551 3511 Emer.
596 3457 741 3511 XXI.
791 3461 930 3526 (700.
970 3459 1078 3527 54.)
1126 3457 1256 3512 Tiro
1302 3467 1419 3513 war

301 3529 587 3609 erkrankt‚
624 3527 741 3582 und
774 3528 967 3583 Cicero
1005 3528 1266 3585 ermahnt
1300 3528 1416 3598 ihn,

297 3597 390 3654 fur
426 3598 577 3654 seine
616 3599 962 3655 Gesundheit
997 3618 1066 3655 zu
1103 3617 1320 3670 sorgen.

375 3676 423 3724 1.
486 3670 773 3726 Andricus
817 3686 937 3725 war
1016 3671 1124 3727 wie
1164 3671 1420 3740 Acastus,

298 3742 581 3813 Aeyypta,
632 3741 866 3796 Hermia
910 3759 987 3796 un
1081 3743 1180 3797 der
1229 3746 1421 3825 ερῆὺθι·

300 3816 583 3882 genannte
599 3813 676 3866 M
673 3814 815 3883 amo)
845 3814 938 3868 ein
956 3812 1162 3869 Sklave
1182 3812 1420 3870 Ciceros.

304 3914 373 3923 —
420 3883 715 3955 Ummium]
754 3886 910 3939 sonet
943 3885 1289 3939 unbekannt.

375 3959 424 4008 2.
482 3956 668 4010 animo
719 3973 793 4010 an
830 3956 876 4026 i]
933 3972 1006 4009 an
1043 3953 1421 4010 Melancholie

300 4024 517 4089 leiden;
557 4026 625 4082 de
664 4025 753 4080 off.
782 3972 850 4082 fi.
885 4033 931 4080 1
960 4032 1019 4081 2.
1057 4042 1154 4082 nec
1188 4043 1269 4081 me
1305 4043 1420 4081 an-

299 4097 581 4165 yoribus
617 4097 948 4152 dedidi.1n
982 4097 1164 4151 seiner
1192 4095 1422 4151 Gelehr-

306 4167 550 4222 samkeit
576 4168 692 4222 und
719 4168 964 4238 Bildung
994 4168 1161 4224 sollte
1190 4185 1250 4222 er
1275 4169 1424 4223 nach

304 4239 432 4293 dem
484 4238 768 4296 Wunsche
820 4239 1040 4294 Ciceros
1088 4240 1181 4294 die
1234 4238 1423 4294 Mittel

304 4309 512 4378 finden,
534 4309 826 4365 derselben
847 4310 988 4365 Herr
1008 4328 1074 4364 zu
1095 4309 1334 4365 werden.
1353 4341 1421 4349 —

296 4380 719 4452 promissorum]
750 4380 942 4436 Cicero
969 4381 1147 4436 meint
1173 4381 1270 4436 das
1291 4380 1420 4435 dem

1527 3458 1660 3515 Tiro
1716 3459 2001 3531 gegebene
2058 3458 2197 3513 Vers
2239 3457 2472 3524 vrechen,
2528 3455 2646 3510 ihm

1527 3546 1599 3585 an
1628 3531 1810 3585 einem
1833 3530 2193 3584 bestimmten
2259 3543 2367 3598 age
2386 3528 2476 3582 die
2494 3527 2645 3581 Frei-

1525 3601 1648 3656 heit
1683 3620 1753 3656 zu
1783 3600 2079 3657 schenken.
2110 3632 2177 3641 —
2204 3598 2648 3669 repraesentabo]

1527 3673 1915 3743 gegenwartig
1941 3673 2195 3741 macheu,
2233 3668 2482 3741 sogleich
2518 3685 2644 3723 vor-

1527 3744 1791 3813 nehmen,
1836 3742 2301 3813 beschleunigen‚
2338 3756 2453 3796 was
2491 3743 2647 3794 sonst

1531 3819 1721 3882 spater
1747 3814 1960 3884 gethan
1986 3814 2212 3869 werden
2240 3784 2422 3867 sollte.
2488 3809 2643 3863 Fam

1529 3885 1595 3939 V.
1617 3889 1700 3938 16.
1719 3891 1777 3940 6.
1801 3884 1958 3955 (non)
1977 3890 2367 3952 exspectare
2392 3882 2651 3949 temporis

1528 3956 1882 4023 medicinam,
1925 3972 2089 4024 quam
2137 3958 2645 4023 repraesentare

1529 4027 1747 4082 ratione
1772 4027 2062 4095 possimus

1603 4096 1781 4151 Errsr.
1811 4095 1980 4153 XXII.
2021 4099 2161 4165 (700.
2204 4097 2311 4162 54.)
2349 4095 2461 4150 Der
2491 4094 2656 4150 Brief
2760 4124 2764 4132 ·

1532 4167 1608 4222 ist
1644 4167 1780 4222 kurz
1816 4166 1961 4221 nach
1999 4166 2125 4220 dem
2154 4166 2645 4236 vorhergehenden

1530 4237 1912 4308 geschrieben.

1604 4316 1651 4365 1.
1718 4309 1849 4364 belle
1901 4307 2116 4378 habere]
2174 4313 2224 4362 te
2277 4308 2353 4362 ist
2397 4307 2656 4363 offenbar

1528 4380 1909 4451 ausgelassen‚
1946 4395 2042 4433 um
2079 4380 2170 4433 die
2207 4378 2650 4445 Wiederholung
