3000 4917
878 231 1184 289 SERVIUS
1224 231 1591 290 SULPICIUS
1628 233 1885 290 RUFUS.
2422 233 2553 298 203

199 395 402 460 etiam
432 416 580 460 cum
610 395 756 460 aliis
782 396 1242 481 compluribus,
1269 396 1679 473 familiaritas
1699 400 1889 462 tanta
1907 397 2085 462 nullo
2108 419 2252 461 cum
2275 397 2556 482 hospite,

195 489 267 548 et
328 506 404 548 ea
458 505 602 548 cum
658 483 892 550 officiis
952 485 1087 550 eius
1143 485 1366 550 multis
1377 535 1395 568 ,
1456 490 1597 550 tum
1644 486 1839 549 etiam
1887 486 2347 551 consuetudine
2395 487 2553 550 coti-

200 572 396 637 diana
434 572 525 636 sic
564 576 665 637 est
701 576 909 653 aucta,
949 579 1022 637 ut
1056 573 1224 637 nihil
1263 574 1350 637 sit
1386 573 1829 639 familiaritate
1865 578 2095 639 nostra
2133 575 2553 641 coniunctius.

195 659 268 725 Is
310 682 474 725 cum
528 660 773 726 Romae
829 684 1070 727 annum
1123 685 1325 747 prope
1380 663 1475 727 ita
1529 661 1790 747 fuisset,
1858 667 1930 728 ut
1984 685 2234 727 mecum
2290 665 2553 745 viveret,

201 750 329 814 etsi
376 770 630 814 eramus
676 750 747 813 in
795 771 1034 833 magna
1080 772 1191 834 spe
1237 757 1303 814 te
1360 751 1522 815 meis
1579 751 1814 816 litteris
1871 752 2551 836 commendationeque

199 838 700 922 diligentissime
736 838 1065 905 facturum
1102 839 1187 922 id,
1226 839 1398 923 quod
1434 839 1666 922 fecisti,
1710 843 1783 904 ut
1820 840 1955 904 eius
1992 863 2129 905 rem
2159 844 2224 905 et
2251 840 2551 906 fortunas

199 926 496 991 absentis
544 930 821 1007 tuerere,
866 931 1105 1010 tamen,
1157 928 1326 1011 quod
1373 928 1442 991 in
1489 929 1678 993 unius
1726 931 2048 1012 potestate
2096 933 2284 994 erant
2332 931 2552 994 omnia

197 1018 269 1078 et
341 1014 510 1098 quod
564 1014 738 1099 Lyso
799 1015 1015 1080 fuerat
1076 1017 1147 1080 in
1215 1019 1442 1081 nostra
1508 1038 1700 1081 causa
1763 1018 2133 1102 nostrisque
2197 1018 2551 1103 praesidiis,

198 1103 441 1168 cotidie
471 1103 713 1188 aliquid
733 1104 1154 1188 timebamus3
1184 1105 1480 1170 effectum
1510 1109 1731 1170 tamen
1759 1110 1858 1171 est
1879 1109 1943 1170 et
1969 1107 2173 1190 ipsius
2205 1107 2549 1191 splendore

196 1196 270 1256 et
342 1195 567 1257 nostro
631 1193 1149 1277 reliquorumque
1212 1193 1548 1277 hospitum
1615 1194 1856 1278 studi0,
1929 1198 2004 1259 ut
2069 1196 2312 1277 omnia,
2385 1216 2550 1280 quae

193 1280 517 1345 vellemus
528 1330 546 1364 ,
621 1303 659 1345 a
723 1279 999 1347 Caesare
1071 1283 1600 1367 impetrarentur;
1674 1284 1846 1368 quod
1916 1283 2253 1370 intelleges
2328 1305 2404 1348 ex
2469 1284 2549 1348 iis

192 1370 469 1453 litteris,
525 1391 683 1453 quas
740 1367 983 1436 Caesar
1038 1371 1118 1435 ad
1173 1377 1237 1436 te
1294 1371 1485 1436 dedit.
1588 1371 1778 1437 Nunc
1832 1395 1964 1439 non
2019 1373 2210 1438 modo
2265 1395 2396 1438 non
2453 1394 2549 1436 re·
2572 1373 2613 1438 2

196 1458 522 1522 mittimus
577 1458 697 1523 tibi
755 1458 999 1545 aliquid
1055 1482 1130 1524 ex
1187 1462 1413 1525 nostra
1459 1461 2045 1545 commendatione,
2102 1462 2288 1546 quasi
2336 1461 2555 1545 adepti

196 1548 335 1611 iam
374 1548 610 1631 omnia,
658 1547 769 1612 sed
809 1570 883 1613 eo
922 1548 1368 1614 vehementius
1413 1571 1452 1612 a
1497 1553 1564 1612 te
1610 1550 2075 1631 contendimus,
2124 1555 2197 1615 ut
2230 1549 2552 1634 Lysonem

197 1636 273 1699 in
318 1635 509 1700 fidem
555 1637 1219 1722 necessitudinemque
1265 1641 1449 1701 tuam
1486 1638 1791 1722 recipias:
1840 1638 2020 1704 cuius
2058 1638 2252 1703 dubia
2288 1639 2552 1703 fortuna

196 1724 501 1789 timidius
547 1728 762 1789 tecum
800 1727 1152 1811 agebamus
1193 1729 1506 1808 verentes,
1551 1749 1633 1790 ne
1673 1726 1825 1811 quid
1863 1726 2180 1792 accideret
2217 1727 2552 1810 eiusmodi,

198 1817 278 1878 ut
321 1835 403 1876 ne
448 1817 520 1878 tu
567 1814 822 1897 quidem
872 1815 1115 1879 mederi
1160 1837 1413 1898 posses3
1461 1817 1798 1898 explorata
1842 1837 1994 1881 vero
2041 1817 2177 1880 eius
2216 1815 2550 1881 incolumi-

198 1906 370 1985 tate,
427 1902 644 1966 omnia
699 1907 856 1979 ate
914 1903 1127 1968 studio
1182 1925 1433 1967 summo
1485 1925 1866 1988 summaque
1913 1927 2064 1969 cura
2109 1908 2281 1988 pet0.
2372 1903 2551 1979 Quae

199 2013 284 2055 ne
345 1991 606 2075 singula
661 2013 1057 2075 enumerem,
1111 1995 1321 2056 totam
1375 1993 1500 2056 tibi
1557 1991 1818 2057 domum
1872 1992 2277 2077 commendo,
2333 1994 2401 2056 in
2446 1992 2549 2057 his

203 2080 684 2144 adulescentem
739 2080 943 2144 filium
997 2081 1161 2165 eius,
1218 2102 1407 2164 quem
1465 2079 1534 2146 G.
1582 2079 1879 2146 Maenius
1936 2080 2290 2165 Gemellus,
2348 2082 2549 2146 cliens

203 2190 408 2252 mene,
455 2188 597 2232 cum
635 2167 706 2232 in
744 2168 1113 2233 calamitate
1151 2169 1364 2233 exsilii
1405 2169 1506 2234 sui
1542 2168 1876 2235 Patrensis
1914 2171 2075 2236 civis
2113 2172 2320 2236 factus
2361 2174 2550 2253 esset,

198 2256 620 2321 Patrensium
675 2257 926 2342 legibus
984 2257 1349 2341 adoptavit,
1409 2263 1480 2322 ut
1539 2258 1674 2323 eius
1736 2259 1942 2342 ipsius
2006 2259 2384 2324 hereditatis
2450 2260 2549 2323 ius

202 2366 592 2429 causamque
648 2348 888 2409 tueare.
981 2344 1194 2430 Caput
1246 2346 1406 2410 illud
1464 2349 1590 2430 est,
1649 2350 1723 2411 ut
1775 2347 2128 2431 Lysonem,
2184 2370 2372 2432 quem
2429 2369 2549 2431 ego
2572 2346 2612 2411 3

201 2435 418 2498 virum
465 2434 783 2516 optimum
830 2435 1401 2518 gratissimumque
1447 2437 1742 2520 cognovi,
1788 2437 2060 2519 recipias
2099 2438 2169 2500 in
2203 2436 2548 2501 necessitu-

203 2523 420 2587 dinem
468 2525 679 2606 tuam3
729 2523 897 2607 quod
946 2524 999 2587 si
1045 2522 1292 2605 feceriS,
1337 2544 1470 2587 non
1508 2524 1755 2607 dubit0,
1802 2525 1961 2609 quin
1996 2525 2063 2588 in
2103 2546 2177 2589 eo
2218 2523 2548 2608 diligendo

205 2612 559 2695 ceterisque
606 2614 835 2695 postea
881 2612 1391 2677 commendando
1438 2611 1628 2696 idem,
1675 2613 1846 2696 quod
1894 2633 2035 2698 eg0,
2081 2614 2170 2676 sis
2216 2612 2437 2678 iudicii
2487 2616 2551 2676 et

210 2700 568 2766 voluntatis
607 2700 969 2765 habiturus,
1042 2700 1227 2776 Quod
1276 2723 1420 2765 cum
1468 2701 1608 2764 fieri
1654 2701 2068 2766 vehementer
2094 2702 2360 2786 studeo,
2407 2706 2549 2766 tum

205 2789 405 2853 etiam
449 2787 611 2853 illud
654 2810 903 2872 vereor,
945 2811 1046 2873 ne,
1093 2790 1148 2853 si
1194 2790 1408 2853 minus
1456 2790 1777 2854 cumulate
1823 2790 2122 2855 videbere
2167 2790 2396 2855 fecisse
2433 2791 2550 2855 ali-

202 2878 358 2963 quid
415 2877 549 2941 eius
608 2899 828 2961 causa,
880 2899 984 2942 me
1035 2878 1144 2943 ille
1189 2879 1610 2963 neglegenter
1657 2879 1996 2963 scripsisse
2041 2882 2252 2963 putet,
2306 2901 2439 2944 non
2485 2884 2549 2944 te

277 3121 454 3176 Ems‘r.
501 3120 752 3176 XXXIV.
810 3124 951 3191 (708.
1000 3124 1110 3192 46.)
1174 3122 1323 3192 Lyso

204 3210 309 3249 aus
344 3195 517 3248 Patra
551 3192 630 3246 ist
665 3193 946 3260 derselbe‚
986 3193 1084 3247 der
1119 3193 1180 3248 in
1217 3194 1326 3248 den

204 3264 436 3319 Briefen
464 3282 537 3318 an
554 3263 683 3318 Tiro
704 3264 874 3319 offers
894 3264 1148 3319 erwahnt
1164 3263 1322 3320 vvird.

206 3334 287 3389 Er
333 3336 493 3390 hatte
541 3335 661 3389 sich
707 3351 778 3388 an
816 3332 1115 3405 Pompejus
1152 3351 1324 3404 ange-

204 3406 493 3462 schlossen
558 3406 693 3473 (fwit
753 3407 817 3460 in
878 3412 1066 3461 metra
1128 3409 1320 3474 causa)

202 3477 324 3531 und
378 3477 437 3529 in
491 3476 618 3529 dem
663 3475 844 3532 Heere
890 3477 1183 3532 desselben
1228 3494 1323 3547 ge·

201 3547 366 3602 dient
393 3548 717 3617 (nostrisque
745 3548 1085 3617 praesidiis).
1143 3547 1230 3603 Da
1265 3565 1325 3602 er

199 3620 295 3673 ft‘ir
330 3615 450 3672 sein
479 3619 794 3686 Vermbgen
828 3617 1124 3687 ffirchtete,
1163 3620 1323 3673 hatte

1432 3123 1526 3177 ein
1561 3122 1814 3190 naheins,
1851 3123 2069 3193 inniges
2108 3122 2448 3179 Verhaltnis.
2481 3155 2549 3164 —

1433 3195 1654 3265 litteris]
1693 3194 1817 3249 Abl.
1858 3211 2073 3262 causae,
2115 3194 2394 3264 ‘infolge’.

1504 3270 1553 3320 2.
1591 3283 1660 3321 ne
1694 3267 1830 3334 quid
1862 3266 2148 3337 accideret]
2181 3265 2356 3319 durch
2387 3265 2550 3319 einen

1431 3334 1631 3390 Befehl
1678 3337 1891 3391 Casars.
1931 3368 1999 3377 —
2041 3335 2097 3392 Ο.
2140 3336 2428 3405 Maenius]
2473 3335 2551 3389 Er

1430 3407 1627 3462 kaufte
1664 3409 1822 3462 nicht
1858 3426 1961 3461 nur
1997 3407 2089 3461 bei
2117 3406 2300 3461 seiner
2326 3406 2548 3461 Bewer-

1431 3478 1588 3547 bu’ng
1639 3496 1734 3532 um
1787 3480 1888 3533 das
1934 3477 2211 3532 Konsulat
2257 3476 2550 3544 Stimmen‚

1432 3553 1675 3604 sondern
1720 3549 1927 3604 schlol’s
1965 3566 2131 3617 sogar
2167 3549 2270 3602 mit
2306 3548 2416 3601 den
2453 3547 2548 3601 da·

1431 3620 1680 3689 maligen
1750 3620 1910 3676 Koss.
1983 3619 2148 3674 einen
2218 3617 2551 3675 formlichen

2314 3689 2552 3743 deshalb

199 3707 264 3745 er
310 3687 373 3743 in
407 3690 551 3743 Rom
595 3690 914 3759 personlich
952 3691 1104 3744 scine
1143 3688 1324 3744 Sache

197 3761 522 3827 betrieben‚
559 3761 674 3814 und
712 3760 825 3816 Cic.
863 3760 1021 3815 hatte
1060 3760 1322 3816 wfflrend

200 3831 389 3886 dieser
427 3832 553 3886 Zeit
602 3832 710 3885 den
749 3831 1027 3901 Sulpicius
1066 3831 1324 3900 gebeten,

199 3903 295 3957 fur
331 3902 431 3958 das
461 3901 776 3972 Vermogen
814 3902 913 3958 des
942 3902 1325 3957 Abwesenden

197 3974 376 4043 Sorge
406 3990 474 4027 zu
501 3975 720 4042 tragen.
777 3973 875 4027 Als
896 3973 994 4027 det
1012 3973 1148 4043 folg.
1168 3972 1328 4028 Brief

196 4044 573 4114 geschrieben
606 4044 813 4112 wurde,
852 4044 1011 4100 hatte
1038 4043 1184 4113 Lyso
1213 4061 1327 4099 von

202 4115 377 4170 Casar
415 4115 682 4182 erreicht‚
720 4131 836 4170 was
875 4131 935 4169 er
970 4114 1274 4170 wfinschte.

276 4263 325 4312 1.
359 4274 424 4312 ea
443 4257 637 4328 causa]
658 4256 778 4311 dies
795 4257 1136 4324 Verh'altnis,
1153 4255 1324 4311 naml.

198 4327 294 4383 die
315 4327 857 4383 Gastfteundschaft.
879 4358 947 4368 ——
966 4345 1168 4384 mecum
1186 4329 1327 4382 vive-

197 4400 306 4468 ret]
318 4400 496 4455 vivere
512 4416 633 4456 cum
648 4400 834 4470 aliquo
849 4397 1173 4456 bezeichnet
1188 4400 1325 4454 stete

1430 3690 1676 3760 Vei-trag
1748 3693 1821 3745 ab
1884 3692 1998 3745 und
2060 3691 2249 3745 wutde

1431 3761 1709 3816 verbannt
1750 3762 1830 3816 im
1878 3762 1929 3816 J.
1979 3767 2064 3816 54.
2137 3760 2242 3815 Die
2288 3760 2550 3815 Vorliebe

1430 3833 1520 3886 fiir
1566 3832 1656 3886 die
1702 3830 2053 3902 griechische
2089 3830 2398 3886 Litteratur
2446 3848 2551 3899 zog

1431 3903 1535 3957 ihn
1567 3904 1714 3958 nach
1751 3904 1954 3971 Athen,
1999 3918 2085 3957 wo
2123 3918 2184 3956 er
2221 3903 2311 3957 die
2349 3902 2550 3956 meiste

1432 3973 1555 4028 Zeit
1608 3973 1776 4029 lebte.
1831 4004 1895 4013 -
1952 3974 2110 4028 Patr.
2158 3972 2387 4043 lcyibus]
2443 3971 2552 4026 Um

1432 4045 1494 4099 in
1520 4044 1694 4099 Patra
1719 4046 1932 4115 Biirger
1959 4043 2184 4098 werden
2213 4062 2281 4098 zu
2306 4044 2548 4111 konnen,

1431 4117 1710 4171 nachdem
1756 4132 1816 4170 er
1862 4116 1963 4170 das
2003 4120 2144 4169 rom.
2184 4115 2553 4182 Bt‘irgerrecht

1434 4187 1609 4241 durch
1624 4188 1715 4241 die
1736 4185 1938 4255 capitis
1955 4185 2262 4240 deminutio
2278 4184 2550 4254 verloren,

1433 4257 1640 4312 musste
1671 4275 1730 4313 er
1749 4258 1913 4312 einen
1931 4258 2229 4311 Patrenser
2248 4273 2321 4311 an
2337 4254 2549 4311 Kindes

1435 4327 1590 4383 Statt
1625 4329 1955 4383 annehmen.

1506 4405 1557 4454 3.
1617 4400 1803 4455 ceteris
1855 4405 1998 4469 post.
2056 4398 2182 4470 om.]
2248 4398 2551 4454 besonders
