3000 4917
1011 276 1073 330 T.
1110 273 1530 330 POMPONIUS
1567 273 1892 333 ATTIOUS.
2535 277 2617 342 91

290 437 542 522 reliquo
591 438 745 522 quid
792 437 1111 522 agendum
1152 436 1255 502 sit.
1345 436 1442 501 Tu
1483 437 1558 521 si,
1595 441 1667 501 ut-
1705 438 1952 522 scribiS,
1989 438 2133 505 Kal.
2172 439 2376 504 Iuniis
2413 439 2623 506 Roma

283 527 612 611 profectus
662 548 773 629 es&
803 527 1172 627 propediem
1217 548 1337 591 nos
1385 527 1652 591 videbis.
1740 526 2053 611 Litteras,
2099 550 2257 612 quas
2306 529 2387 593 ad
2434 529 2622 595 Pom-

280 617 501 700 peium
547 615 805 699 scripsi,
849 615 971 679 tibi
1019 614 1183 679 misi.
1275 613 1447 680 Data
1492 614 1588 679 Id.
1623 614 1765 681 Iun.
1813 615 2325 683 Thessalonicae.

1193 827 1551 894 EPISTULA
1596 826 1710 893 VI.

1179 949 1289 1017 (Ad
1329 950 1444 1005 Att.
1482 948 1578 1003 111.
1620 955 1725 1017 10.)

1078 1054 1343 1110 cican
1381 1054 1644 1109 ATTIco
1684 1054 1830 1110 SAL.

459 1165 628 1230 Acta
674 1186 837 1249 quae
886 1168 1100 1229 essent
1146 1186 1346 1249 usque
1394 1164 1475 1228 ad
1514 1186 1569 1229 a.
1608 1165 1666 1229 d.
1701 1183 1846 1230 VIII.
1884 1165 2033 1230 Kal.
2068 1165 2306 1251 Iunias,
2346 1167 2622 1251 cognovi
2646 1172 2679 1233 1

285 1277 364 1318 ex
411 1255 543 1318 tuis
590 1254 853 1338 litteris;
899 1254 1149 1338 reliqua
1195 1254 1672 1336 exspectabam,
1718 1258 1790 1318 ut
1825 1255 1949 1318 tibi
1984 1255 2300 1338 placebat,
2348 1255 2621 1320 Thessa-

282 1344 562 1426 lonicae3
608 1343 842 1427 quibus
889 1342 1106 1406 allatis
1143 1343 1395 1406 facilius
1436 1346 1718 1407 statuere
1755 1346 2003 1428 potero,
2049 1344 2164 1408 ubi
2202 1345 2340 1408 sim.
2434 1343 2624 1427 Nam,

287 1433 345 1496 si
394 1433 517 1497 erit
563 1453 781 1516 causa,
815 1431 896 1496 ⁴si
944 1431 1096 1517 quid
1144 1435 1397 1517 agetur,
1445 1432 1501 1496 si
1548 1453 1731 1515 spem
1776 1432 2023 1516 videm,
2070 1437 2182 1496 aut
2226 1432 2465 1497 ibidem
2512 1456 2621 1518 op-

281 1521 502 1604 periar
548 1523 661 1585 aut
705 1541 806 1584 me
854 1520 936 1584 ad
981 1523 1047 1584 te
1093 1520 1449 1603 conferam3
1498 1519 1618 1603 sin,
1663 1524 1737 1585 ut
1781 1525 1853 1585 tu
1894 1521 2141 1605 scribis,
2186 1522 2313 1586 ista
2351 1544 2623 1586 evanue·

285 1609 439 1687 rint,
488 1609 728 1692 aliquid
776 1609 951 1673 aliud
997 1608 1374 1674 videbimus
1449 1608 1728 1673 Omnino
1778 1609 1987 1675 adhuc
2024 1609 2188 1674 nihil
2224 1611 2385 1674 mihi
2424 1611 2623 1695 signi-

282 1698 496 1762 ficatis
536 1698 664 1762 nisi
695 1697 1080 1763 discordiam
1108 1698 1401 1781 istorum,
1438 1719 1601 1782 quae
1628 1702 1851 1762 tamen
1877 1699 2046 1763 inter
2076 1721 2185 1764 eos
2216 1699 2292 1762 de
2321 1699 2620 1764 omnibus

279 1787 504 1870 potius
558 1788 753 1851 rebus
811 1790 909 1851 est
965 1808 1161 1871 quam
1207 1787 1283 1851 de
1330 1806 1451 1851 mc.
1550 1785 1806 1871 Itaque,
1864 1787 2018 1872 quid
2066 1809 2142 1852 ea
2188 1787 2351 1851 mihi
2396 1789 2625 1874 prosit,

282 1876 527 1958 nescio;
577 1876 688 1940 sed
735 1880 972 1960 tamen,
1019 1874 1229 1961 quoad
1277 1896 1378 1939 me
1425 1897 1543 1940 vos
1592 1897 1850 1959 sperare
1888 1877 2106 1959 vultiS,
2151 1876 2337 1942 vobis
2376 1877 2622 1941 obtem-

283 1965 548 2048 perabo.
618 1964 790 2029 Nam
831 1964 1001 2049 quod
1038 1986 1140 2028 me
1179 1967 1315 2029 tam
1354 1986 1548 2048 saepe
1587 1969 1652 2028 et
1688 1968 1824 2029 tam
1863 1964 2273 2030 vehementer
2316 1965 2620 2050 obiurgas
2642 1975 2685 2039 2

283 2058 352 2118 et
405 2053 623 2118 animo
683 2052 942 2117 infirmo
1000 2074 1139 2117 esse
1196 2054 1382 2137 dicis,
1442 2074 1710 2139 quaeSO,
1767 2055 2011 2138 ecquod
2066 2058 2322 2119 tantum
2379 2054 2621 2119 malum

286 2146 411 2226 est,
471 2141 643 2227 quod
687 2143 758 2206 in
802 2164 947 2206 mea
992 2143 1363 2207 calamitate
1410 2163 1542 2207 non
1589 2142 1719 2207 sit?
1768 2145 1984 2228 ecquis
2032 2165 2317 2227 unquam
2362 2146 2501 2207 tam
2548 2166 2627 2208 ex

289 2231 510 2316 amplo
566 2233 767 2314 statu,
825 2233 963 2296 tam
1021 2231 1088 2295 in
1147 2230 1317 2296 bona
1365 2253 1587 2315 causa,
1642 2231 1846 2297 tantis
1892 2232 2316 2298 facultatibus
2362 2232 2626 2317 ingenii,

288 2319 575 2403 consilii,
632 2320 911 2405 gratiae,
964 2320 1165 2384 tantis
1212 2320 1550 2404 praesidiis
1599 2320 1917 2386 bonorum
1965 2321 2252 2385 omnium
2300 2321 2625 2386 concidit?

288 2407 564 2473 Possum
604 2408 919 2492 oblivisci,
957 2408 1069 2493 qui
1095 2408 1377 2474 fuerim?
1414 2431 1546 2473 non
1577 2409 1837 2493 sentire,
1867 2410 1976 2494 qui
2005 2409 2173 2472 sim?
2215 2431 2340 2493 quo
2372 2425 2627 2473 caream

284 2496 553 2581 honore,
602 2520 726 2581 qua
774 2497 998 2582 gloria,
1048 2497 1279 2581 quibus
1316 2497 1558 2581 liberis,
1606 2497 1839 2581 quibus
1875 2497 2172 2581 fortunis,
2219 2518 2343 2581 quo
2382 2497 2625 2561 fratre?

282 2608 476 2670 quem
532 2608 654 2672 ego
716 2622 789 2632 —
851 2588 925 2650 ut
979 2608 1219 2651 novum
1278 2586 1669 2651 calamitatis
1730 2606 1932 2670 genus
1995 2585 2290 2649 attendas
2354 2622 2430 2630 -—-
2482 2607 2628 2649 cum

282 2676 490 2759 pluris
536 2675 811 2740 facerem
860 2696 1053 2760 quam
1102 2697 1204 2739 me
1251 2675 1466 2759 ipsum
1514 2695 1891 2758 semperque
1935 2673 2250 2756 fecissem,
2295 2674 2499 2739 vitavi
2544 2696 2625 2738 ne

281 2764 599 2846 viderem,
656 2785 736 2828 ne
798 2767 912 2828 aut
973 2763 1149 2827 illius
1209 2763 1456 2828 luctum
1516 2764 2009 2847 squaloremque
2065 2763 2458 2847 adspicerem
2515 2767 2627 2827 aut

282 2874 405 2936 me,
444 2875 635 2937 quem
674 2853 786 2916 ille
832 2852 1360 2917 florentissimum
1388 2852 1757 2936 reliquerat,
1793 2852 2117 2936 perditum
2146 2851 2244 2916 illi
2275 2852 2626 2916 adflictum-

286 2964 414 3025 que
455 2943 771 3006 offerrem.
843 2941 1036 3006 Mitto
1075 2944 1290 3006 cetera
1328 2939 1791 3024 intolerabilia3
1830 2942 2068 3004 etenim
2105 2941 2260 3005 fletu
2287 2940 2626 3023 impedior.

280 3029 410 3094 Hic
469 3026 692 3095 utrum
748 3030 1013 3094 tandem
1077 3052 1219 3094 sum
1282 3030 1706 3112 accusandus»,
1776 3031 1947 3113 quod
2007 3030 2222 3113 doleo,
2288 3052 2396 3113 an,
2458 3030 2627 3114 quod

282 3119 611 3201 commisi,
671 3123 742 3183 ut
795 3118 954 3183 haec
1013 3122 1125 3183 aut
1178 3141 1310 3183 non
1365 3119 1712 3183 retinerem
1766 3154 1856 3164 —
1912 3118 2080 3202 quod
2134 3118 2325 3183 facile
2382 3117 2628 3201 fuisset,

284 3207 416 3272 nisi
462 3208 637 3272 intra
681 3208 963 3290 parietes
1011 3229 1190 3272 meos
1239 3207 1316 3271 de
1354 3229 1497 3272 mea
1535 3207 1817 3290 pernicie
1855 3206 2129 3272 consilia
2165 3207 2485 3272 inirentur
2528 3243 2627 3292 —,

283 3300 399 3361 aut
446 3300 619 3362 certe
665 3296 850 3360 vivus
900 3297 1084 3377 [non]
1134 3296 1545 3361 amitterem?

284 3454 562 3520 sev-amm,
589 3457 731 3522 puto
757 3470 839 3507 me
865 3454 950 3508 ita
975 3469 1082 3507 esse
1108 3454 1405 3519 factmm.
1515 3454 1847 3509 discordiam
1866 3452 2118 3522 istorum]
2141 3449 2368 3506 Clodius
2390 3467 2507 3504 war
2524 3451 2631 3505 mit

288 3554 356 3564 —
379 3524 663 3594 profectus
689 3524 766 3594 es]
796 3522 1015 3578 Atticus
1040 3523 1210 3578 reiste
1229 3524 1404 3580 nicht.
1516 3524 1705 3580 seinen
1756 3525 1983 3578 Banden
2019 3520 2282 3577 Gebieter
2331 3522 2429 3576 der
2466 3520 2632 3576 Stadt

359 3596 541 3649 Emer.
579 3593 673 3649 VI.
714 3597 859 3664 (696.
898 3596 1007 3664 58.)
1513 3596 1629 3649 und
1674 3595 1897 3649 wandte
1943 3594 2065 3648 sich
2109 3592 2171 3646 in
2209 3594 2418 3648 seinem
2453 3581 2630 3648 fiber-

361 3672 408 3722 1.
447 3667 547 3721 ubi
581 3667 706 3737 sim]
746 3682 833 3720 wo
869 3664 963 3721 ich
996 3667 1148 3720 mich
1186 3666 1406 3720 aufhal-
1515 3670 1638 3720 mut
1655 3665 1924 3720 aunachst
1943 3681 2124 3735 gegen
2143 3665 2458 3734 Pompejus‚
2480 3665 2632 3719 dann

286 3740 384 3792 ten
422 3737 547 3792 soll.
588 3767 655 3777 —
704 3739 756 3791 si
791 3737 896 3791 crit
902 3737 1128 3817 causa]
1166 3736 1405 3792 welches
1513 3738 1660 3792 auch
1690 3753 1870 3806 gegen
1897 3737 2048 3790 den
2032 3754 2090 3790 m
2112 3735 2331 3790 Gallien
2351 3737 2630 3790 abwcsen-

290 3809 388 3863 der
415 3807 805 3892 Bewcggrund
836 3806 958 3862 sein
987 3809 1111 3875 soll,
1152 3810 1280 3878 sagt
1307 3810 1405 3863 das
1515 3809 1623 3863 den
1643 3805 1828 3874 Casan
1860 3808 2060 3861 dessen
2079 3804 2314 3861 Gesetze
2334 3824 2394 3860 er
2412 3803 2628 3876 angriff.

284 3879 600 3950 Folgende.
636 3879 688 3934 si
723 3880 857 3948 quid
965 3884 1084 3934 etur
1110 3885 1203 3937 etc.
1234 3909 1302 3920 -—
1332 3880 1408 3933 ad
1586 3886 1636 3933 2.
1657 3881 1827 3933 temtis
1848 3877 2268 3948 facultatibus],
2273 3877 2381 3944 ‚bei
2402 3878 2632 3933 solchen

289 3952 364 4019 te]
400 3952 551 4005 nach
586 3948 672 4019 Ep
675 3949 808 4017 irus,
845 3966 918 4003 au
979 3951 1068 4004 die
1098 3948 1272 4005 Gfiter
1308 3951 1406 4004 des
1513 3948 1957 4018 Hi'ilfsquellen.“
2005 3980 2072 3989 —
2111 3948 2250 4019 Hic]
2300 3964 2342 4004 s.
2381 3967 2424 4004 z
2464 3949 2503 4004 Ι.
2546 3952 2630 4002 16.

286 4020 508 4077 Atticus
562 3968 683 4102 (depr
733 3993 910 4076 selbst
953 4021 1013 4074 in
1059 4020 1201 4076 Rom
1251 4023 1406 4091 war),
1513 4028 1566 4075 4.
1608 4052 1667 4059 -
1709 4023 1840 4075 haec
1874 4036 1988 4075 ‘non
2021 4020 2145 4090 reth]
2194 4018 2388 4075 Cicero
2437 4020 2632 4087 meint,

289 4107 375 4147 wo
416 4108 478 4146 er
505 4090 710 4147 Italien
747 4093 924 4146 nahor
950 4109 1082 4149 war.
1130 4090 1231 4147 Att
1256 4091 1324 4148 ΙΙ.
1356 4098 1405 4149 2
1515 4108 1575 4147 er
1611 4091 1772 4146 hatte
1810 4092 1910 4145 das
1945 4090 2249 4145 Verlorene
2289 4092 2466 4160 (haec,
2504 4089 2634 4146 weil

289 4162 536 4218 schreibt
582 4162 773 4217 Cicero
820 4179 930 4218 von
975 4163 1184 4218 seinem
1222 4162 1406 4217 Land-
1517 4179 1575 4217 es
1605 4163 1806 4217 vorher
1833 4161 2157 4231 aufgez'ahlt
2175 4160 2272 4232 ist)
2292 4161 2515 4233 behaup
2516 4163 2632 4230 ten,

288 4237 423 4303 gnte
468 4233 563 4289 bei
599 4233 902 4288 Tusculum
939 4251 1039 4288 aus
1077 4252 1148 4289 an
1185 4232 1407 4288 Atticus
1516 4234 1652 4289 oder
1678 4233 2015 4320 wenigstens
2043 4250 2148 4286 nur
2172 4233 2279 4287 mit
2298 4233 2425 4288 dem
2445 4182 2635 4288 Leben

288 4306 432 4359 nach
460 4305 626 4360 Rom:
665 4306 925 4374 quoniam
959 4306 1065 4360 huc
1101 4321 1214 4361 non
1241 4307 1409 4372 venis,
1515 4305 1790 4359 verlieren
1818 4307 2056 4358 mussen.
2079 4335 2142 4343 —-
2165 4305 2422 4386 consilia]
2452 4306 2634 4358 seiner

573 4376 662 4431 ud
695 4377 958 4446 nosutiq
959 4394 1026 4430 ue
1053 4382 1145 4431 etc.
1179 4407 1243 4416 ·-—
1273 4376 1406 4447 ista]
1516 4376 1795 4443 Freunde‚
1853 4391 1953 4429 aus
2001 4373 2142 4429 Rom
2189 4393 2256 4428 zu
2301 4374 2532 4443 flichen,
2589 4393 2632 4428 s.

290 4445 380 4501 die
417 4446 505 4502 Ho
550 4463 796 4516 nungen,
848 4447 938 4502 die
973 4446 1067 4501 Ihr
1112 4447 1299 4505 habet.
1340 4477 1407 4488 —
1515 4448 1558 4501 Ι.
1597 4453 1644 4501 3.
1688 4451 1733 4501 1.
