3000 4917
980 245 1039 304 L.
1078 244 1457 301 MUNATIUS
1497 245 1842 303 PLANCUS.

2452 248 2578 313 231

233 414 531 494 tempore
580 408 931 474 enuntiare.
1012 405 1165 473 Non
1210 430 1314 474 me
1358 410 1761 494 praeteribat
1804 410 1874 473 in
1919 413 2105 475 tanta
2152 409 2582 475 sollicitudine
2602 412 2644 476 2

235 497 576 563 hominum
644 502 708 561 et
769 501 908 561 tam
969 496 1350 582 perturbato
1405 501 1586 564 statu
1647 498 1930 564 civitatis
1996 497 2583 564 fructuosissimam

237 609 384 652 esse
429 584 900 671 professionem
945 585 1156 654 bonae
1205 587 1580 672 voluntatis,
1625 607 2024 671 magnosque
2069 587 2349 653 honores
2392 609 2468 653 ex
2507 609 2584 653 ea

236 697 308 741 re
356 675 716 759 complures
763 678 1146 739 consecutos
1192 674 1513 760 videbam3
1559 676 1690 757 sed,
1736 698 1882 741 cum
1924 677 1996 739 in
2032 697 2178 740 eum
2217 698 2437 740 casum
2475 697 2580 741 me

236 765 504 830 fortuna
548 762 929 846 demisisset,
973 765 1049 828 ut
1086 771 1199 829 aut
1234 765 1526 829 celeriter
1561 763 1929 848 pollicendo
1968 785 2210 849 magna
2247 763 2406 829 mihi
2442 764 2583 848 ipse

239 854 319 918 ad
376 851 840 938 proficiendum
893 851 1358 937 impedimenta
1414 874 1833 938 opponerem,
1890 856 2028 937 aut,
2083 854 2139 918 si
2183 854 2252 917 in
2298 875 2373 917 eo
2420 854 2583 917 mihi

235 940 798 1025 temperavissem,
853 940 1130 1006 maiores
1193 942 1566 1007 occasiones
1624 941 1705 1006 ad
1762 941 2213 1025 opitulandum
2257 941 2581 1025 haberem,

235 1029 597 1115 expeditius
633 1030 760 1093 iter
798 1030 1159 1094 communis
1197 1030 1429 1095 salutis
1471 1052 1670 1116 quam
1716 1052 1898 1096 meae
1944 1030 2153 1096 laudis
2202 1052 2341 1096 esse
2386 1029 2581 1096 volui.

236 1117 410 1184 Nam
459 1117 600 1202 quis
647 1117 717 1182 in
760 1138 836 1183 ea
881 1117 1175 1202 fortuna,
1230 1140 1395 1203 quae
1441 1141 1588 1184 mea
1633 1123 1763 1205 est,
1810 1122 1877 1184 et
1923 1120 2004 1183 ab
2052 1141 2129 1184 ea
2173 1120 2338 1203 vita,
2386 1141 2580 1204 quam

237 1209 308 1272 in
354 1229 458 1271 me
504 1207 834 1292 cognitam
879 1206 1254 1272 hominibus
1302 1208 1610 1288 arbitror,
1657 1213 1724 1273 et
1769 1229 1913 1273 cum
1961 1229 2039 1273 ea
2083 1230 2225 1292 spe,
2274 1229 2467 1292 quam
2514 1208 2581 1271 in

239 1296 541 1361 manibus
587 1295 823 1379 habeo,
879 1298 990 1359 aut
1041 1295 1365 1361 sordidum
1414 1297 1759 1382 quicquam
1804 1297 1943 1381 pati
1989 1300 2103 1361 aut
2146 1295 2580 1380 perniciosum

239 1383 688 1467 concupiscere
732 1383 993 1466 potest?

419 1471 543 1537 Sed
573 1472 981 1556 aliquantum
1008 1472 1199 1537 nobis
1228 1473 1545 1557 temporis
1580 1477 1646 1538 et
1683 1474 1905 1560 magni
1940 1472 2198 1538 labores
2237 1478 2303 1537 et
2338 1474 2579 1538 multae
2600 1476 2640 1538 3

240 1563 577 1645 impensae
617 1582 780 1644 opus
815 1559 1095 1644 fuerunt,
1132 1563 1222 1644 ut,
1269 1582 1432 1645 quae
1468 1562 1563 1626 rei
1600 1562 1892 1645 publicae
1929 1561 2243 1646 bonisque
2280 1563 2579 1627 omnibus

234 1650 716 1736 polliceremur‚
779 1650 954 1714 exitu
1020 1653 1495 1733 praestaremus
1558 1670 1764 1733 neque
1825 1649 1905 1713 ad
1959 1649 2268 1714 auxilium
2331 1651 2577 1734 patriae

229 1740 395 1805 nudi
449 1760 593 1803 cum
648 1738 823 1803 bona
875 1739 1234 1821 voluntate,
1291 1739 1403 1803 sed
1458 1760 1606 1803 cum
1650 1737 2071 1803 facultatibus
2118 1738 2578 1804 accederemus.

230 1827 726 1895 Confirmandus
790 1830 933 1892 erat
996 1827 1311 1893 exercitus
1391 1827 1607 1911 nobie,
1683 1826 1937 1911 magnis
2012 1847 2204 1910 saepe
2273 1826 2576 1911 praemiis

231 1916 651 2000 sollicitatae,
707 1918 782 1979 ut
836 1916 917 1980 ab
973 1937 1041 1980 re
1096 1916 1361 1999 publica
1415 1915 1637 2000 potius
1692 1915 2023 1980 moderata
2078 1937 2272 1999 quam
2319 1916 2400 1979 ab
2448 1937 2577 1980 uno

227 2005 490 2070 infinita
538 2009 853 2088 speraret3
902 2005 1381 2069 confirmandae
1427 2005 1789 2088 complures
1829 2004 2141 2088 civitates,
2188 2025 2354 2089 quae
2392 2025 2576 2089 supe-

231 2095 407 2159 riore
454 2115 625 2159 anno
677 2093 1135 2178 largitionibus
1192 2092 1846 2177 concessionibusque
1899 2093 2336 2178 praemiorum
2392 2095 2579 2157 erant

228 2183 588 2269 obligatae,
653 2186 726 2246 ut
788 2184 854 2246 et
917 2182 1036 2246 illa
1102 2203 1268 2247 vana
1333 2185 1640 2267 putarent
1703 2186 1769 2246 et
1823 2183 2045 2247 eadem
2102 2205 2141 2247 a
2200 2181 2576 2247 melioribus

229 2272 607 2338 auctoribus
662 2269 945 2355 petenda
1002 2270 1474 2353 existimarent3
1543 2270 1890 2335 eliciendae
1950 2271 2147 2336 etiam
2204 2271 2576 2335 voluntates

229 2361 646 2445 reliquorum,
693 2359 802 2443 qui
845 2359 1138 2423 finitimis
1185 2359 1537 2442 provinciis
1578 2359 2086 2445 exercitibusque
2132 2363 2458 2444 praesunt,
2504 2363 2578 2422 ut

232 2451 450 2534 potius
488 2470 634 2514 cum
672 2448 968 2532 pluribus
1006 2448 1382 2513 societatem
1418 2447 1855 2512 defendendae
1888 2448 2210 2513 libertatis
2248 2448 2576 2531 iniremus,

224 2657 497 2777 ἑῗέθῑὲἒίῗ,
533 2639 997 2765 θᾷθῖἑίῗῗέἓιξῑ
1045 2640 1222 2764 ¹2:5²¹ss
1255 2657 1351 2765 {31

227 2783 446 2853 greifen
481 2781 653 2847 habe,
698 2782 937 2836 sondern
971 2781 1048 2835 ist
1096 2781 1203 2835 mit
1238 2780 1350 2835 Ab·

230 2853 382 2909 sicht
444 2852 884 2908 zun’ickhaltend
946 2867 1224 2923 gewesen.
1282 2882 1351 2893 —

226 2924 496 2996 cogitata]
545 2922 661 2978 Das
698 2922 1067 2993 Participium
1110 2924 1186 2977 ist
1221 2923 1346 2977 sub-

228 2994 566 3052 stantivisch
611 2995 717 3048 mit
760 2995 889 3049 dem
927 2993 1153 3049 Genitiv
1210 2996 1348 3063 opti-

225 3084 349 3123 mae
382 3066 578 3121 mentis
615 3066 870 3135 (optimae
896 3064 1002 3119 mit
1028 3064 1350 3134 Beziehung

227 3139 333 3194 auf
358 3138 450 3192 die
477 3135 965 3205 republikanische
985 3135 1348 3206 Gesinnung),

226 3209 487 3335 {adglei‘ssb
507 3209 645 3348 abe(r
660 3206 744 3261 als
763 3207 1011 3346 Veakeium
1038 3207 1146 3332 mitt
1165 3207 1349 3332 eigem

321 3297 417 3336 ver
458 3297 572 3333 mm
621 3295 734 3332 iam
822 3297 843 3332 i
912 3295 966 3333 m
1008 3295 1103 3333 ver
1147 3296 1220 3332 un
1260 3295 1346 3333 en.

301 3358 351 3406 2.
387 3294 904 3420 fructuosissinlgm]
941 3347 1175 3404 Welche
1208 3348 1347 3405 Vor-

225 3422 365 3477 teile
383 3420 508 3476 eine
528 3420 714 3476 solche
739 3421 1008 3488 professio
1036 3421 1085 3475 b.
1107 3421 1210 3475 vol.
1232 3420 1348 3474 ein-

225 3493 478 3560 brachte‚
493 3489 642 3559 zeigt
655 3489 757 3545 das
768 3490 901 3560 folg.
919 3507 1244 3563 magnosque
1256 3492 1347 3547 ho·

225 3581 387 3620 nores
413 3569 507 3619 etc.
546 3591 615 3602 —
651 3567 716 3617 ut
752 3591 819 3601 —
856 3562 1199 3634 opponerem]
1237 3579 1349 3618 von

224 3636 406 3692 seiten
470 3634 569 3688 des
617 3632 1034 3688 benachbarten
1087 3632 1346 3702 Lepidus,

223 3707 425 3762 descen
462 3702 785 3773 Gesinnung
829 3703 1169 3758 zweifelhaft
1211 3721 1345 3772 war,

221 3776 344 3832 und
379 3776 488 3829 den
520 3791 582 3830 er
607 3774 698 3828 fiir
726 3774 816 3829 die
842 3774 1128 3844 Republik
1155 3793 1224 3829 zu
1252 3792 1346 3844 ge-

221 3848 451 3902 winnen
481 3844 674 3900 hoffte.
715 3876 783 3885 —
821 3846 895 3899 ad
921 3846 1344 3917 proficiendum]

223 3921 302 3976 ad
355 3916 570 3972 erklart
613 3915 737 3971 sich
783 3917 1013 3984 daraus,
1070 3916 1191 3970 dass
1248 3916 1346 3970 der

223 3989 485 4046 Lateiner
514 3988 606 4042 die
639 3987 1003 4057 Vorstellung
1040 3986 1139 4041 der
1173 3986 1341 4041 Rich-

221 4066 399 4131 tung,
449 4061 547 4114 des
587 4059 850 4114 Strebens
888 4058 1031 4112 auch
1067 4057 1126 4112 in
1164 4057 1347 4112 dieser

223 4131 590 4200 Verbindung
624 4129 874 4186 festhalt.
950 4129 1022 4184 So
1063 4127 1239 4183 ‘steht
1270 4130 1347 4184 ad

221 4203 315 4258 fiir
375 4219 545 4257 unser
606 4218 684 4256 an
746 4200 843 4255 bei
911 4200 1198 4268 impedire,
1260 4199 1344 4267 je·

222 4275 464 4331 munden
506 4289 585 4328 an
628 4278 792 4327 etwas
835 4270 1110 4327 hindern'.
1187 4268 1343 4326 Caes.

222 4348 278 4402 b.
325 4363 373 4401 c.
420 4345 462 4399 I.
510 4349 603 4398 62:
667 4345 744 4399 ad
794 4342 1191 4399 transeundum
1244 4343 1343 4397 im-

212 4418 420 4489 pediri.
532 4414 642 4469 Cic.
716 4430 820 4485 pro
894 4412 1029 4470 Suu.
1102 4418 1184 4470 1⁷.
1249 4418 1343 4468 49:

1455 2639 1797 2708 intelleqebat
1838 2639 1986 2694 hanc
2028 2655 2137 2695 esee
2181 2639 2340 2693 nobie
2383 2656 2421 2693 a
2462 2655 2574 2694 ma-

1455 2711 1669 2766 ioribus
1731 2711 2001 2765 traditam
2062 2711 2442 2779 disciplinam,
2513 2716 2576 2765 ut

1456 2783 1669 2837 nullius
1722 2782 1974 2838 amicitia
2027 2783 2102 2837 ad
2153 2782 2401 2851 pericula
2441 2797 2573 2851 pro·

1447 2854 1736 2923 pulsanda
1806 2853 2205 2924 impediremur.
2305 2850 2572 2923 Nagelsb.

1458 2923 1583 2978 Stil.
1611 2929 1642 2989 ἓ
1673 2928 1792 2977 123.
1825 2930 1872 2978 1.
1948 2922 1997 2977 V
2037 2924 2075 2978 l.
2112 2942 2156 2977 z.
2187 2922 2281 2978 III.
2306 2928 2393 2977 21.
2416 2927 2466 2979 4.
2506 2954 2571 2963 —-

1454 3011 1523 3049 ea
1564 3010 1658 3063 epe
1729 2994 1829 3048 auf
1870 2995 1970 3048 das
2067 2992 2308 3048 onsulat.
2348 3024 2415 3034 —
2455 3010 2573 3050 sor—

1455 2994 1839 3191 ffssffnjie
1908 3064 2342 3135 Unterwerfung
2412 3067 2575 3120 unter

1529 3212 1577 3263 3.
1614 3207 1943 3262 sollicitatus
2017 3223 2129 3261 von
2172 3205 2465 3261 Antonius,
2502 3238 2573 3247 —

1453 3278 1758 3349 moderata]
1816 3278 1922 3329 ‘111⁰'
1956 3276 2077 3347 sige
2124 3278 2571 3346 Belohnuugen'.

1456 3380 1525 3389 —
1589 3349 1840 3420 infinita]
1912 3348 1978 3401 In
2050 3348 2344 3402 derselben
2410 3346 2573 3402 fiber-

1455 3421 1678 3475 schwan
1684 3417 2100 3489 glichenWeise
2112 3418 2327 3488 spricht
2334 3416 2574 3472 Plancus

1452 3490 1608 3546 Fam.
1636 3490 1704 3546 X.
1736 3496 1819 3546 11.
1853 3497 1879 3545 1
1921 3505 2033 3545 von
2065 3490 2293 3556 infinita
2328 3504 2571 3544 munera.

1455 3593 1524 3602 —
1560 3564 1840 3630 superiore
1885 3560 2056 3631 amno]
2093 3559 2374 3614 Antonius
2411 3559 2573 3615 hatte

1452 3631 1517 3685 in
1542 3633 1753 3688 seinem
1780 3631 2060 3688 Konsulat
2087 3634 2198 3701 (44)
2228 3630 2393 3685 unter
2420 3629 2572 3686 Miss-

1454 3703 1666 3759 brauch
1724 3720 1836 3758 von
1887 3702 2083 3758 casare
2126 3702 2403 3772 Papieren
2457 3702 2571 3757 ein-

1452 3774 1650 3829 zelnen
1715 3774 1953 3828 Stadten
2016 3772 2370 3828 bedeutende
2434 3771 2571 3826 Vor-

1451 3846 1645 3900 rechte
1689 3844 2004 3912 verliehen‚
2050 3861 2144 3898 um
2191 3845 2271 3898 sie
2315 3844 2406 3897 ffir
2452 3843 2573 3898 sich

1451 3915 2571 4058 {2„5.2';⁷⁵¹‡¹3⁶2·052:2252502‘3'3521213225

1450 4056 1806 4112 Absichten’.
1853 4088 1920 4098 --
1967 4073 2089 4112 cum
2134 4057 2397 4126 plwribue
2448 4058 2572 4181 ete}

1450 4128 1653 4183 Lieber
1678 4127 1871 4183 wollte
1900 4145 1961 4183 er
1985 4128 2045 4183 in
2075 4127 2438 4198 Verbindung
2463 4127 2544 4181 mi

1452 4199 1608 4254 einer
1659 4199 1790 4253 dem
1832 4199 2043 4254 Feinde
2100 4215 2173 4253 an
2219 4197 2357 4253 Zahl
2407 4199 2569 4254 fiber-

1448 4269 1688 4340 legenen
1724 4269 1915 4323 Partei
1954 4271 2062 4324 den
2090 4271 2305 4338 Kampf
2335 4277 2570 4341 unmog-

1448 4341 1565 4396 lich
1593 4341 1846 4408 macheu,
1878 4340 1964 4396 als
1992 4341 2098 4396 mit
2124 4343 2381 4410 wenigen
2407 4342 2571 4395 einen

1453 4411 1587 4482 Sieg
1621 4411 1812 4482 tenen,
1850 4411 1950 4467 der
1977 4411 2122 4468 doch
2149 4412 2296 4467 ohne
2323 4411 2567 4466 schwere
