<?xml version="1.0" encoding="UTF-8"?>
<!DOCTYPE html PUBLIC "-//W3C//DTD XHTML 1.0 Transitional//EN"
    "http://www.w3.org/TR/xhtml1/DTD/xhtml1-transitional.dtd">
<html xmlns="http://www.w3.org/1999/xhtml" xml:lang="en" lang="en">
 <head>
  <title>
</title>
<meta http-equiv="Content-Type" content="text/html;charset=utf-8" />
  <meta name='ocr-system' content='tesseract 3.04.00' />
  <meta name='ocr-capabilities' content='ocr_page ocr_carea ocr_par ocr_line ocrx_word'/>
</head>
<body>
  <div class='ocr_page' id='page_1' title='image "ausgewhltebrief02freygoog_0085.png"; bbox 0 0 3000 4917; ppageno 0'>
   <div class='ocr_carea' id='block_1_1' title="bbox 1037 212 2568 280">
    <p class='ocr_par' dir='ltr' id='par_1_1' title="bbox 1037 212 2568 280">
     <span class='ocr_line' id='line_1_1' title="bbox 1037 212 2568 280; baseline 0 -11"><span class='ocrx_word' id='word_1_1' title='bbox 1037 212 1100 280; x_wconf 87' lang='lat' dir='ltr'>Q.</span> <span class='ocrx_word' id='word_1_2' title='bbox 1140 213 1444 270; x_wconf 85' lang='lat' dir='ltr'>TULLIUS</span> <span class='ocrx_word' id='word_1_3' title='bbox 1485 213 1764 271; x_wconf 87' lang='lat' dir='ltr'>CICERO.</span> <span class='ocrx_word' id='word_1_4' title='bbox 2488 216 2568 279; x_wconf 80' lang='lat'>71</span> 
     </span>
    </p>
   </div>
   <div class='ocr_carea' id='block_1_2' title="bbox 224 375 2646 2150">
    <p class='ocr_par' dir='ltr' id='par_1_2' title="bbox 224 375 2626 1684">
     <span class='ocr_line' id='line_1_2' title="bbox 227 375 2626 463; baseline 0.002 -25"><span class='ocrx_word' id='word_1_5' title='bbox 227 376 526 457; x_wconf 87' lang='lat' dir='ltr'>laetarer,</span> <span class='ocrx_word' id='word_1_6' title='bbox 566 375 1034 441; x_wconf 74' lang='lat' dir='ltr'>incredibiliter</span> <span class='ocrx_word' id='word_1_7' title='bbox 1079 376 1494 443; x_wconf 72' lang='lat' dir='ltr'>delectarunt.</span> <span class='ocrx_word' id='word_1_8' title='bbox 1569 375 1780 453; x_wconf 86' lang='lat' dir='ltr'>Quare</span> <span class='ocrx_word' id='word_1_9' title='bbox 1820 376 1981 443; x_wconf 88' lang='lat' dir='ltr'>facis</span> <span class='ocrx_word' id='word_1_10' title='bbox 2028 382 2101 442; x_wconf 94' lang='lat' dir='ltr'>tu</span> <span class='ocrx_word' id='word_1_11' title='bbox 2140 377 2400 463; x_wconf 89' lang='lat' dir='ltr'>quidem</span> <span class='ocrx_word' id='word_1_12' title='bbox 2433 378 2559 443; x_wconf 89' lang='lat' dir='ltr'>fra·</span> <span class='ocrx_word' id='word_1_13' title='bbox 2585 380 2626 443; x_wconf 81' lang='lat'>2</span> 
     </span>
     <span class='ocr_line' id='line_1_3' title="bbox 226 465 2563 552; baseline 0.002 -24"><span class='ocrx_word' id='word_1_14' title='bbox 226 467 433 549; x_wconf 88' lang='lat' dir='ltr'>terne,</span> <span class='ocrx_word' id='word_1_15' title='bbox 497 465 665 550; x_wconf 90' lang='lat' dir='ltr'>quod</span> <span class='ocrx_word' id='word_1_16' title='bbox 710 486 813 529; x_wconf 92' lang='lat' dir='ltr'>me</span> <span class='ocrx_word' id='word_1_17' title='bbox 859 465 1148 530; x_wconf 88' lang='lat' dir='ltr'>hortaris</span> <span class='ocrx_word' id='word_1_18' title='bbox 1158 515 1176 550; x_wconf 93' lang='lat'>,</span> <span class='ocrx_word' id='word_1_19' title='bbox 1233 465 1345 531; x_wconf 89' lang='lat' dir='ltr'>sed</span> <span class='ocrx_word' id='word_1_20' title='bbox 1391 465 1753 531; x_wconf 82' lang='lat' dir='ltr'>mehercule</span> <span class='ocrx_word' id='word_1_21' title='bbox 1800 471 2160 532; x_wconf 90' lang='lat' dir='ltr'>currentem</span> <span class='ocrx_word' id='word_1_22' title='bbox 2205 489 2376 532; x_wconf 89' lang='lat' dir='ltr'>nunc</span> <span class='ocrx_word' id='word_1_23' title='bbox 2423 467 2563 552; x_wconf 90' lang='lat' dir='ltr'>qui-</span> 
     </span>
     <span class='ocr_line' id='line_1_4' title="bbox 226 552 2561 641; baseline 0.002 -25"><span class='ocrx_word' id='word_1_24' title='bbox 226 552 401 635; x_wconf 91' lang='lat' dir='ltr'>dem,</span> <span class='ocrx_word' id='word_1_25' title='bbox 460 557 537 618; x_wconf 88' lang='lat' dir='ltr'>ut</span> <span class='ocrx_word' id='word_1_26' title='bbox 598 554 818 618; x_wconf 89' lang='lat' dir='ltr'>omnia</span> <span class='ocrx_word' id='word_1_27' title='bbox 872 576 1015 618; x_wconf 88' lang='lat' dir='ltr'>mea</span> <span class='ocrx_word' id='word_1_28' title='bbox 1075 554 1289 619; x_wconf 88' lang='lat' dir='ltr'>studia</span> <span class='ocrx_word' id='word_1_29' title='bbox 1341 554 1411 618; x_wconf 91' lang='lat' dir='ltr'>in</span> <span class='ocrx_word' id='word_1_30' title='bbox 1463 555 1664 619; x_wconf 89' lang='lat' dir='ltr'>istum</span> <span class='ocrx_word' id='word_1_31' title='bbox 1717 576 1918 620; x_wconf 88' lang='lat' dir='ltr'>unum</span> <span class='ocrx_word' id='word_1_32' title='bbox 1974 556 2316 621; x_wconf 90' lang='lat' dir='ltr'>conferam.</span> <span class='ocrx_word' id='word_1_33' title='bbox 2416 555 2561 641; x_wconf 84' lang='lat' dir='ltr'>Ego</span> 
     </span>
     <span class='ocr_line' id='line_1_5' title="bbox 227 642 2564 729; baseline 0.003 -24"><span class='ocrx_word' id='word_1_34' title='bbox 227 663 378 706; x_wconf 82' lang='lat' dir='ltr'>vero</span> <span class='ocrx_word' id='word_1_35' title='bbox 428 642 678 707; x_wconf 76' lang='lat' dir='ltr'>ardenti</span> <span class='ocrx_word' id='word_1_36' title='bbox 726 642 985 727; x_wconf 89' lang='lat' dir='ltr'>quidem</span> <span class='ocrx_word' id='word_1_37' title='bbox 1034 643 1274 724; x_wconf 89' lang='lat' dir='ltr'>studio,</span> <span class='ocrx_word' id='word_1_38' title='bbox 1329 665 1403 708; x_wconf 90' lang='lat' dir='ltr'>ac</span> <span class='ocrx_word' id='word_1_39' title='bbox 1457 643 1740 708; x_wconf 87' lang='lat' dir='ltr'>fortasse</span> <span class='ocrx_word' id='word_1_40' title='bbox 1797 642 2099 727; x_wconf 88' lang='lat' dir='ltr'>efficiam,</span> <span class='ocrx_word' id='word_1_41' title='bbox 2155 644 2325 729; x_wconf 89' lang='lat' dir='ltr'>quod</span> <span class='ocrx_word' id='word_1_42' title='bbox 2372 667 2564 729; x_wconf 85' lang='lat' dir='ltr'>saepe</span> 
     </span>
     <span class='ocr_line' id='line_1_6' title="bbox 228 730 2561 817; baseline 0.002 -24"><span class='ocrx_word' id='word_1_43' title='bbox 228 730 605 817; x_wconf 77' lang='lat' dir='ltr'>viatoribuS,</span> <span class='ocrx_word' id='word_1_44' title='bbox 643 753 786 797; x_wconf 88' lang='lat' dir='ltr'>cum</span> <span class='ocrx_word' id='word_1_45' title='bbox 826 736 1191 816; x_wconf 90' lang='lat' dir='ltr'>properant,</span> <span class='ocrx_word' id='word_1_46' title='bbox 1229 733 1457 816; x_wconf 83' lang='lat' dir='ltr'>evenit,</span> <span class='ocrx_word' id='word_1_47' title='bbox 1494 735 1587 815; x_wconf 89' lang='lat' dir='ltr'>ut,</span> <span class='ocrx_word' id='word_1_48' title='bbox 1634 732 1690 796; x_wconf 87' lang='lat' dir='ltr'>si</span> <span class='ocrx_word' id='word_1_49' title='bbox 1728 731 1952 817; x_wconf 87' lang='lat' dir='ltr'>serius,</span> <span class='ocrx_word' id='word_1_50' title='bbox 1990 754 2182 817; x_wconf 88' lang='lat' dir='ltr'>quam</span> <span class='ocrx_word' id='word_1_51' title='bbox 2219 734 2561 817; x_wconf 79' lang='lat' dir='ltr'>voluerint,</span> 
     </span>
     <span class='ocr_line' id='line_1_7' title="bbox 225 818 2563 905; baseline 0.002 -23"><span class='ocrx_word' id='word_1_52' title='bbox 225 818 395 883; x_wconf 92' lang='lat' dir='ltr'>forte</span> <span class='ocrx_word' id='word_1_53' title='bbox 445 819 862 904; x_wconf 71' lang='lat' dir='ltr'>surrexerint,</span> <span class='ocrx_word' id='word_1_54' title='bbox 916 822 1321 905; x_wconf 89' lang='lat' dir='ltr'>properando</span> <span class='ocrx_word' id='word_1_55' title='bbox 1375 821 1574 888; x_wconf 90' lang='lat' dir='ltr'>etiam</span> <span class='ocrx_word' id='word_1_56' title='bbox 1631 821 1847 905; x_wconf 89' lang='lat' dir='ltr'>citius,</span> <span class='ocrx_word' id='word_1_57' title='bbox 1904 842 2099 904; x_wconf 87' lang='lat' dir='ltr'>quam</span> <span class='ocrx_word' id='word_1_58' title='bbox 2144 822 2202 886; x_wconf 90' lang='lat' dir='ltr'>si</span> <span class='ocrx_word' id='word_1_59' title='bbox 2248 822 2328 886; x_wconf 92' lang='lat' dir='ltr'>de</span> <span class='ocrx_word' id='word_1_60' title='bbox 2371 826 2563 887; x_wconf 89' lang='lat' dir='ltr'>nocte</span> 
     </span>
     <span class='ocr_line' id='line_1_8' title="bbox 224 909 2568 995; baseline 0.002 -24"><span class='ocrx_word' id='word_1_61' title='bbox 224 909 639 993; x_wconf 76' lang='lat' dir='ltr'>vigilassent,</span> <span class='ocrx_word' id='word_1_62' title='bbox 692 909 1070 993; x_wconf 81' lang='lat' dir='ltr'>perveniant</span> <span class='ocrx_word' id='word_1_63' title='bbox 1126 931 1251 993; x_wconf 89' lang='lat' dir='ltr'>quo</span> <span class='ocrx_word' id='word_1_64' title='bbox 1305 910 1537 974; x_wconf 85' lang='lat' dir='ltr'>velint:</span> <span class='ocrx_word' id='word_1_65' title='bbox 1594 910 1686 974; x_wconf 88' lang='lat' dir='ltr'>sic</span> <span class='ocrx_word' id='word_1_66' title='bbox 1740 930 1889 995; x_wconf 90' lang='lat' dir='ltr'>ego,</span> <span class='ocrx_word' id='word_1_67' title='bbox 1950 911 2255 994; x_wconf 89' lang='lat' dir='ltr'>quoniam</span> <span class='ocrx_word' id='word_1_68' title='bbox 2314 911 2384 974; x_wconf 90' lang='lat' dir='ltr'>in</span> <span class='ocrx_word' id='word_1_69' title='bbox 2439 912 2568 975; x_wconf 90' lang='lat' dir='ltr'>isto</span> 
     </span>
     <span class='ocr_line' id='line_1_9' title="bbox 228 995 2569 1083; baseline 0.001 -23"><span class='ocrx_word' id='word_1_70' title='bbox 228 995 496 1061; x_wconf 90' lang='lat' dir='ltr'>homine</span> <span class='ocrx_word' id='word_1_71' title='bbox 552 998 814 1063; x_wconf 89' lang='lat' dir='ltr'>colendo</span> <span class='ocrx_word' id='word_1_72' title='bbox 874 1002 1008 1063; x_wconf 89' lang='lat' dir='ltr'>tam</span> <span class='ocrx_word' id='word_1_73' title='bbox 1061 999 1408 1064; x_wconf 86' lang='lat' dir='ltr'>indormivi</span> <span class='ocrx_word' id='word_1_74' title='bbox 1453 998 1591 1082; x_wconf 90' lang='lat' dir='ltr'>diu,</span> <span class='ocrx_word' id='word_1_75' title='bbox 1646 1002 1712 1062; x_wconf 88' lang='lat' dir='ltr'>te</span> <span class='ocrx_word' id='word_1_76' title='bbox 1757 998 2118 1063; x_wconf 89' lang='lat' dir='ltr'>mehercule</span> <span class='ocrx_word' id='word_1_77' title='bbox 2166 1021 2357 1083; x_wconf 86' lang='lat' dir='ltr'>saepe</span> <span class='ocrx_word' id='word_1_78' title='bbox 2404 1000 2569 1064; x_wconf 87' lang='lat' dir='ltr'>exci-</span> 
     </span>
     <span class='ocr_line' id='line_1_10' title="bbox 226 1086 2565 1172; baseline 0.002 -23"><span class='ocrx_word' id='word_1_79' title='bbox 226 1088 434 1163; x_wconf 85' lang='lat' dir='ltr'>tante,</span> <span class='ocrx_word' id='word_1_80' title='bbox 497 1107 687 1151; x_wconf 89' lang='lat' dir='ltr'>cursu</span> <span class='ocrx_word' id='word_1_81' title='bbox 750 1086 1071 1172; x_wconf 86' lang='lat' dir='ltr'>corrigam</span> <span class='ocrx_word' id='word_1_82' title='bbox 1135 1088 1513 1153; x_wconf 76' lang='lat' dir='ltr'>tarditatem</span> <span class='ocrx_word' id='word_1_83' title='bbox 1575 1109 1718 1153; x_wconf 90' lang='lat' dir='ltr'>cum</span> <span class='ocrx_word' id='word_1_84' title='bbox 1785 1089 1995 1171; x_wconf 88' lang='lat' dir='ltr'>equis,</span> <span class='ocrx_word' id='word_1_85' title='bbox 2056 1092 2199 1152; x_wconf 94' lang='lat' dir='ltr'>tum</span> <span class='ocrx_word' id='word_1_86' title='bbox 2273 1109 2426 1153; x_wconf 85' lang='lat' dir='ltr'>vero</span> <span class='ocrx_word' id='word_1_87' title='bbox 2490 1123 2565 1134; x_wconf 92' lang='lat'>—-</span> 
     </span>
     <span class='ocr_line' id='line_1_11' title="bbox 228 1174 2572 1261; baseline 0.001 -23"><span class='ocrx_word' id='word_1_88' title='bbox 228 1174 538 1257; x_wconf 90' lang='lat' dir='ltr'>quoniam</span> <span class='ocrx_word' id='word_1_89' title='bbox 591 1177 664 1239; x_wconf 89' lang='lat' dir='ltr'>tu</span> <span class='ocrx_word' id='word_1_90' title='bbox 721 1177 946 1240; x_wconf 87' lang='lat' dir='ltr'>scribis</span> <span class='ocrx_word' id='word_1_91' title='bbox 1010 1179 1244 1261; x_wconf 67' lang='lat' dir='ltr'>poema</span> <span class='ocrx_word' id='word_1_92' title='bbox 1310 1177 1393 1242; x_wconf 89' lang='lat' dir='ltr'>ab</span> <span class='ocrx_word' id='word_1_93' title='bbox 1458 1199 1535 1242; x_wconf 93' lang='lat' dir='ltr'>eo</span> <span class='ocrx_word' id='word_1_94' title='bbox 1598 1180 1895 1242; x_wconf 88' lang='lat' dir='ltr'>nostrum</span> <span class='ocrx_word' id='word_1_95' title='bbox 1954 1177 2218 1260; x_wconf 90' lang='lat' dir='ltr'>probari</span> <span class='ocrx_word' id='word_1_96' title='bbox 2281 1213 2355 1223; x_wconf 89' lang='lat'>—</span> <span class='ocrx_word' id='word_1_97' title='bbox 2419 1198 2572 1261; x_wconf 88' lang='lat' dir='ltr'>qua-</span> 
     </span>
     <span class='ocr_line' id='line_1_12' title="bbox 224 1263 2570 1350; baseline 0.001 -24"><span class='ocrx_word' id='word_1_98' title='bbox 224 1263 427 1347; x_wconf 88' lang='lat' dir='ltr'>drigis</span> <span class='ocrx_word' id='word_1_99' title='bbox 489 1264 794 1347; x_wconf 65' lang='lat' dir='ltr'>poeticis:</span> <span class='ocrx_word' id='word_1_100' title='bbox 864 1265 1056 1330; x_wconf 91' lang='lat' dir='ltr'>modo</span> <span class='ocrx_word' id='word_1_101' title='bbox 1113 1266 1276 1330; x_wconf 88' lang='lat' dir='ltr'>mihi</span> <span class='ocrx_word' id='word_1_102' title='bbox 1340 1266 1490 1330; x_wconf 89' lang='lat' dir='ltr'>date</span> <span class='ocrx_word' id='word_1_103' title='bbox 1548 1265 1980 1348; x_wconf 86' lang='lat' dir='ltr'>Britanniam,</span> <span class='ocrx_word' id='word_1_104' title='bbox 2045 1287 2239 1349; x_wconf 90' lang='lat' dir='ltr'>quam</span> <span class='ocrx_word' id='word_1_105' title='bbox 2300 1266 2570 1350; x_wconf 86' lang='lat' dir='ltr'>pingam</span> 
     </span>
     <span class='ocr_line' id='line_1_13' title="bbox 226 1352 2570 1439; baseline 0.002 -24"><span class='ocrx_word' id='word_1_106' title='bbox 226 1352 557 1417; x_wconf 87' lang='lat' dir='ltr'>coloribus</span> <span class='ocrx_word' id='word_1_107' title='bbox 595 1354 742 1435; x_wconf 89' lang='lat' dir='ltr'>tuis,</span> <span class='ocrx_word' id='word_1_108' title='bbox 778 1353 1080 1434; x_wconf 88' lang='lat' dir='ltr'>penicillo</span> <span class='ocrx_word' id='word_1_109' title='bbox 1118 1376 1278 1420; x_wconf 90' lang='lat' dir='ltr'>meo.</span> <span class='ocrx_word' id='word_1_110' title='bbox 1347 1354 1472 1420; x_wconf 85' lang='lat' dir='ltr'>Sed</span> <span class='ocrx_word' id='word_1_111' title='bbox 1511 1354 1665 1439; x_wconf 89' lang='lat' dir='ltr'>quid</span> <span class='ocrx_word' id='word_1_112' title='bbox 1694 1354 1865 1438; x_wconf 74' lang='lat' dir='ltr'>ago?</span> <span class='ocrx_word' id='word_1_113' title='bbox 1905 1355 2076 1438; x_wconf 88' lang='lat' dir='ltr'>quod</span> <span class='ocrx_word' id='word_1_114' title='bbox 2105 1355 2265 1419; x_wconf 91' lang='lat' dir='ltr'>mihi</span> <span class='ocrx_word' id='word_1_115' title='bbox 2293 1359 2570 1438; x_wconf 77' lang='lat' dir='ltr'>tempuS,</span> 
     </span>
     <span class='ocr_line' id='line_1_14' title="bbox 224 1439 2564 1528; baseline 0.002 -24"><span class='ocrx_word' id='word_1_116' title='bbox 224 1439 470 1505; x_wconf 89' lang='lat' dir='ltr'>Romae</span> <span class='ocrx_word' id='word_1_117' title='bbox 518 1441 929 1525; x_wconf 88' lang='lat' dir='ltr'>praesertim,</span> <span class='ocrx_word' id='word_1_118' title='bbox 973 1446 1049 1506; x_wconf 90' lang='lat' dir='ltr'>ut</span> <span class='ocrx_word' id='word_1_119' title='bbox 1091 1442 1219 1508; x_wconf 91' lang='lat' dir='ltr'>iste</span> <span class='ocrx_word' id='word_1_120' title='bbox 1264 1465 1368 1508; x_wconf 93' lang='lat' dir='ltr'>me</span> <span class='ocrx_word' id='word_1_121' title='bbox 1415 1447 1632 1528; x_wconf 89' lang='lat' dir='ltr'>rogat,</span> <span class='ocrx_word' id='word_1_122' title='bbox 1677 1444 1985 1525; x_wconf 89' lang='lat' dir='ltr'>manenti,</span> <span class='ocrx_word' id='word_1_123' title='bbox 2030 1465 2307 1508; x_wconf 85' lang='lat' dir='ltr'>vacuum</span> <span class='ocrx_word' id='word_1_124' title='bbox 2352 1447 2564 1508; x_wconf 89' lang='lat' dir='ltr'>osten·</span> 
     </span>
     <span class='ocr_line' id='line_1_15' title="bbox 225 1528 2569 1614; baseline 0.002 -23"><span class='ocrx_word' id='word_1_125' title='bbox 225 1528 444 1594; x_wconf 78' lang='lat' dir='ltr'>ditur?</span> <span class='ocrx_word' id='word_1_126' title='bbox 549 1528 674 1595; x_wconf 86' lang='lat' dir='ltr'>Sed</span> <span class='ocrx_word' id='word_1_127' title='bbox 729 1529 973 1595; x_wconf 81' lang='lat' dir='ltr'>videro:</span> <span class='ocrx_word' id='word_1_128' title='bbox 1037 1530 1314 1597; x_wconf 89' lang='lat' dir='ltr'>fortasse</span> <span class='ocrx_word' id='word_1_129' title='bbox 1371 1533 1571 1613; x_wconf 88' lang='lat' dir='ltr'>enim,</span> <span class='ocrx_word' id='word_1_130' title='bbox 1630 1534 1704 1597; x_wconf 93' lang='lat' dir='ltr'>ut</span> <span class='ocrx_word' id='word_1_131' title='bbox 1756 1532 1856 1614; x_wconf 89' lang='lat' dir='ltr'>fit,</span> <span class='ocrx_word' id='word_1_132' title='bbox 1911 1531 2124 1596; x_wconf 85' lang='lat' dir='ltr'>vincet</span> <span class='ocrx_word' id='word_1_133' title='bbox 2179 1535 2328 1596; x_wconf 89' lang='lat' dir='ltr'>tuus</span> <span class='ocrx_word' id='word_1_134' title='bbox 2386 1554 2569 1597; x_wconf 92' lang='lat' dir='ltr'>amor</span> 
     </span>
     <span class='ocr_line' id='line_1_16' title="bbox 227 1618 938 1684; baseline 0.003 -3"><span class='ocrx_word' id='word_1_135' title='bbox 227 1639 451 1683; x_wconf 89' lang='lat' dir='ltr'>omnes</span> <span class='ocrx_word' id='word_1_136' title='bbox 501 1618 938 1684; x_wconf 78' lang='lat' dir='ltr'>difficultates,</span> 
     </span>
    </p>

    <p class='ocr_par' dir='ltr' id='par_1_3' title="bbox 224 1706 2646 2150">
     <span class='ocr_line' id='line_1_17' title="bbox 398 1706 2633 1793; baseline 0.002 -23"><span class='ocrx_word' id='word_1_137' title='bbox 398 1706 779 1772; x_wconf 86' lang='lat' dir='ltr'>Trebatium</span> <span class='ocrx_word' id='word_1_138' title='bbox 840 1707 1006 1791; x_wconf 91' lang='lat' dir='ltr'>quod</span> <span class='ocrx_word' id='word_1_139' title='bbox 1073 1709 1154 1773; x_wconf 89' lang='lat' dir='ltr'>ad</span> <span class='ocrx_word' id='word_1_140' title='bbox 1215 1731 1282 1773; x_wconf 94' lang='lat' dir='ltr'>se</span> <span class='ocrx_word' id='word_1_141' title='bbox 1348 1709 1665 1792; x_wconf 83' lang='lat' dir='ltr'>miserim,</span> <span class='ocrx_word' id='word_1_142' title='bbox 1727 1709 2010 1793; x_wconf 89' lang='lat' dir='ltr'>persalse</span> <span class='ocrx_word' id='word_1_143' title='bbox 2074 1711 2138 1773; x_wconf 90' lang='lat' dir='ltr'>et</span> <span class='ocrx_word' id='word_1_144' title='bbox 2202 1708 2569 1774; x_wconf 89' lang='lat' dir='ltr'>humaniter</span> <span class='ocrx_word' id='word_1_145' title='bbox 2593 1709 2633 1775; x_wconf 89' lang='lat'><strong>3</strong></span> 
     </span>
     <span class='ocr_line' id='line_1_18' title="bbox 224 1795 2646 1883; baseline 0.001 -24"><span class='ocrx_word' id='word_1_146' title='bbox 224 1795 418 1859; x_wconf 89' lang='lat' dir='ltr'>etiam</span> <span class='ocrx_word' id='word_1_147' title='bbox 487 1797 735 1883; x_wconf 82' lang='lat' dir='ltr'>gratias</span> <span class='ocrx_word' id='word_1_148' title='bbox 803 1796 963 1860; x_wconf 85' lang='lat' dir='ltr'>mihi</span> <span class='ocrx_word' id='word_1_149' title='bbox 1027 1797 1190 1883; x_wconf 82' lang='lat' dir='ltr'>agit3</span> <span class='ocrx_word' id='word_1_150' title='bbox 1262 1802 1460 1883; x_wconf 90' lang='lat' dir='ltr'>negat</span> <span class='ocrx_word' id='word_1_151' title='bbox 1526 1798 1699 1861; x_wconf 92' lang='lat' dir='ltr'>enim</span> <span class='ocrx_word' id='word_1_152' title='bbox 1763 1796 1832 1861; x_wconf 91' lang='lat' dir='ltr'>in</span> <span class='ocrx_word' id='word_1_153' title='bbox 1893 1801 2080 1862; x_wconf 90' lang='lat' dir='ltr'>tanta</span> <span class='ocrx_word' id='word_1_154' title='bbox 2153 1797 2566 1862; x_wconf 90' lang='lat' dir='ltr'>multitudine</span> <span class='ocrx_word' id='word_1_155' title='bbox 2640 1835 2646 1842; x_wconf 88' lang='lat'>·</span> 
     </span>
     <span class='ocr_line' id='line_1_19' title="bbox 227 1884 2561 1972; baseline 0.001 -24"><span class='ocrx_word' id='word_1_156' title='bbox 227 1905 473 1971; x_wconf 90' lang='lat' dir='ltr'>eorum,</span> <span class='ocrx_word' id='word_1_157' title='bbox 539 1886 651 1970; x_wconf 89' lang='lat' dir='ltr'>qui</span> <span class='ocrx_word' id='word_1_158' title='bbox 715 1906 844 1949; x_wconf 87' lang='lat' dir='ltr'>una</span> <span class='ocrx_word' id='word_1_159' title='bbox 902 1891 1140 1970; x_wconf 91' lang='lat' dir='ltr'>essent,</span> <span class='ocrx_word' id='word_1_160' title='bbox 1206 1909 1591 1971; x_wconf 89' lang='lat' dir='ltr'>quemquam</span> <span class='ocrx_word' id='word_1_161' title='bbox 1653 1884 1880 1969; x_wconf 88' lang='lat' dir='ltr'>fuisse,</span> <span class='ocrx_word' id='word_1_162' title='bbox 1946 1887 2056 1972; x_wconf 89' lang='lat' dir='ltr'>qui</span> <span class='ocrx_word' id='word_1_163' title='bbox 2120 1884 2561 1951; x_wconf 84' lang='lat' dir='ltr'>vadimonium</span> 
     </span>
     <span class='ocr_line' id='line_1_20' title="bbox 228 1972 2564 2061; baseline 0.001 -24"><span class='ocrx_word' id='word_1_164' title='bbox 228 1974 561 2059; x_wconf 89' lang='lat' dir='ltr'>concipere</span> <span class='ocrx_word' id='word_1_165' title='bbox 608 1978 848 2058; x_wconf 89' lang='lat' dir='ltr'>posset.</span> <span class='ocrx_word' id='word_1_166' title='bbox 933 1972 1018 2038; x_wconf 89' lang='lat' dir='ltr'>M.</span> <span class='ocrx_word' id='word_1_167' title='bbox 1058 1973 1281 2041; x_wconf 83' lang='lat' dir='ltr'>Curtio</span> <span class='ocrx_word' id='word_1_168' title='bbox 1328 1976 1733 2040; x_wconf 87' lang='lat' dir='ltr'>tribunatum</span> <span class='ocrx_word' id='word_1_169' title='bbox 1780 1975 1862 2039; x_wconf 91' lang='lat' dir='ltr'>ab</span> <span class='ocrx_word' id='word_1_170' title='bbox 1910 1997 1984 2039; x_wconf 92' lang='lat' dir='ltr'>eo</span> <span class='ocrx_word' id='word_1_171' title='bbox 2030 1974 2233 2061; x_wconf 81' lang='lat' dir='ltr'>petivi</span> <span class='ocrx_word' id='word_1_172' title='bbox 2286 2012 2364 2022; x_wconf 94' lang='lat'>—-</span> <span class='ocrx_word' id='word_1_173' title='bbox 2412 1997 2564 2039; x_wconf 87' lang='lat' dir='ltr'>nam</span> 
     </span>
     <span class='ocr_line' id='line_1_21' title="bbox 228 2060 2564 2150; baseline 0.002 -26"><span class='ocrx_word' id='word_1_174' title='bbox 228 2060 554 2128; x_wconf 92' lang='lat' dir='ltr'>Domitius</span> <span class='ocrx_word' id='word_1_175' title='bbox 594 2084 662 2127; x_wconf 90' lang='lat' dir='ltr'>se</span> <span class='ocrx_word' id='word_1_176' title='bbox 702 2062 975 2127; x_wconf 86' lang='lat' dir='ltr'>derideri</span> <span class='ocrx_word' id='word_1_177' title='bbox 1011 2068 1324 2149; x_wconf 88' lang='lat' dir='ltr'>putasset,</span> <span class='ocrx_word' id='word_1_178' title='bbox 1367 2065 1420 2130; x_wconf 93' lang='lat' dir='ltr'>si</span> <span class='ocrx_word' id='word_1_179' title='bbox 1459 2068 1633 2129; x_wconf 89' lang='lat' dir='ltr'>esset</span> <span class='ocrx_word' id='word_1_180' title='bbox 1670 2086 1708 2128; x_wconf 90' lang='lat' dir='ltr'>a</span> <span class='ocrx_word' id='word_1_181' title='bbox 1746 2086 1845 2128; x_wconf 91' lang='lat' dir='ltr'>me</span> <span class='ocrx_word' id='word_1_182' title='bbox 1884 2071 2183 2150; x_wconf 89' lang='lat' dir='ltr'>rogatus;</span> <span class='ocrx_word' id='word_1_183' title='bbox 2230 2064 2353 2129; x_wconf 93' lang='lat' dir='ltr'>hoc</span> <span class='ocrx_word' id='word_1_184' title='bbox 2391 2067 2564 2130; x_wconf 92' lang='lat' dir='ltr'>enim</span> 
     </span>
    </p>
   </div>
   <div class='ocr_carea' id='block_1_3' title="bbox 120 2151 2565 2238">
    <p class='ocr_par' dir='ltr' id='par_1_4' title="bbox 120 2151 2565 2238">
     <span class='ocr_line' id='line_1_22' title="bbox 120 2151 2565 2238; baseline 0.002 -23"><span class='ocrx_word' id='word_1_185' title='bbox 120 2226 128 2234; x_wconf 35' lang='lat'>‚</span> <span class='ocrx_word' id='word_1_186' title='bbox 223 2154 321 2215; x_wconf 89' lang='lat' dir='ltr'>est</span> <span class='ocrx_word' id='word_1_187' title='bbox 376 2153 517 2216; x_wconf 90' lang='lat' dir='ltr'>eius</span> <span class='ocrx_word' id='word_1_188' title='bbox 575 2151 994 2235; x_wconf 88' lang='lat' dir='ltr'>cotidianum,</span> <span class='ocrx_word' id='word_1_189' title='bbox 1053 2174 1120 2217; x_wconf 93' lang='lat' dir='ltr'>se</span> <span class='ocrx_word' id='word_1_190' title='bbox 1174 2176 1255 2218; x_wconf 91' lang='lat' dir='ltr'>ne</span> <span class='ocrx_word' id='word_1_191' title='bbox 1310 2154 1640 2218; x_wconf 90' lang='lat' dir='ltr'>tribunum</span> <span class='ocrx_word' id='word_1_192' title='bbox 1698 2153 1976 2217; x_wconf 86' lang='lat' dir='ltr'>militum</span> <span class='ocrx_word' id='word_1_193' title='bbox 2023 2153 2278 2238; x_wconf 90' lang='lat' dir='ltr'>quidem</span> <span class='ocrx_word' id='word_1_194' title='bbox 2324 2153 2565 2219; x_wconf 80' lang='lat' dir='ltr'>facere:</span> 
     </span>
    </p>
   </div>
   <div class='ocr_carea' id='block_1_4' title="bbox 226 2326 2563 2396">
    <p class='ocr_par' dir='ltr' id='par_1_5' title="bbox 226 2326 2563 2396">
     <span class='ocr_line' id='line_1_23' title="bbox 226 2326 2563 2396; baseline 0.001 -17"><span class='ocrx_word' id='word_1_195' title='bbox 226 2340 311 2379; x_wconf 85' lang='lat' dir='ltr'>an.</span> <span class='ocrx_word' id='word_1_196' title='bbox 351 2358 416 2366; x_wconf 91' lang='grc'>--</span> <span class='ocrx_word' id='word_1_197' title='bbox 455 2326 797 2381; x_wconf 73' lang='lat' dir='ltr'>delectarunt</span> <span class='ocrx_word' id='word_1_198' title='bbox 869 2342 943 2380; x_wconf 90' lang='lat' dir='ltr'>sc.</span> <span class='ocrx_word' id='word_1_199' title='bbox 981 2344 1097 2394; x_wconf 86' lang='lat' dir='ltr'>me,</span> <span class='ocrx_word' id='word_1_200' title='bbox 1136 2327 1341 2383; x_wconf 89' lang='lat' dir='ltr'>ebenso</span> <span class='ocrx_word' id='word_1_201' title='bbox 1448 2326 1638 2383; x_wconf 84' lang='lat' dir='ltr'>vollen</span> <span class='ocrx_word' id='word_1_202' title='bbox 1688 2328 1806 2396; x_wconf 85' lang='lat' dir='ltr'>Zug</span> <span class='ocrx_word' id='word_1_203' title='bbox 1853 2328 2000 2381; x_wconf 87' lang='lat' dir='ltr'>nach</span> <span class='ocrx_word' id='word_1_204' title='bbox 2045 2326 2183 2380; x_wconf 88' lang='lat' dir='ltr'>Brit.</span> <span class='ocrx_word' id='word_1_205' title='bbox 2266 2327 2404 2382; x_wconf 88' lang='lat' dir='ltr'>Eine</span> <span class='ocrx_word' id='word_1_206' title='bbox 2451 2329 2563 2382; x_wconf 91' lang='lat' dir='ltr'>An-</span> 
     </span>
    </p>
   </div>
   <div class='ocr_carea' id='block_1_5' title="bbox 225 2396 2567 2682">
    <p class='ocr_par' dir='ltr' id='par_1_6' title="bbox 225 2396 2567 2540">
     <span class='ocr_line' id='line_1_24' title="bbox 227 2396 2565 2469; baseline 0.002 -22"><span class='ocrx_word' id='word_1_207' title='bbox 227 2396 338 2452; x_wconf 85' lang='lat' dir='ltr'>Att.</span> <span class='ocrx_word' id='word_1_208' title='bbox 357 2396 452 2453; x_wconf 90' lang='lat' dir='ltr'>IV.</span> <span class='ocrx_word' id='word_1_209' title='bbox 477 2403 564 2452; x_wconf 90' lang='lat'>18.</span> <span class='ocrx_word' id='word_1_210' title='bbox 587 2402 647 2452; x_wconf 83' lang='lat'>2:</span> <span class='ocrx_word' id='word_1_211' title='bbox 685 2398 784 2452; x_wconf 76' lang='lat' dir='ltr'>nul</span> <span class='ocrx_word' id='word_1_212' title='bbox 870 2404 949 2452; x_wconf 77' lang='lat' dir='ltr'>est</span> <span class='ocrx_word' id='word_1_213' title='bbox 981 2414 1068 2454; x_wconf 77' lang='lat' dir='ltr'>res</span> <span class='ocrx_word' id='word_1_214' title='bbox 1093 2401 1343 2469; x_wconf 76' lang='lat' dir='ltr'>publica,</span> <span class='ocrx_word' id='word_1_215' title='bbox 1450 2398 1710 2467; x_wconf 86' lang='lat' dir='ltr'>spielung</span> <span class='ocrx_word' id='word_1_216' title='bbox 1747 2398 1847 2452; x_wconf 88' lang='lat' dir='ltr'>auf</span> <span class='ocrx_word' id='word_1_217' title='bbox 1879 2399 1988 2452; x_wconf 90' lang='lat' dir='ltr'>den</span> <span class='ocrx_word' id='word_1_218' title='bbox 2024 2398 2166 2468; x_wconf 85' lang='lat' dir='ltr'>Zug‚</span> <span class='ocrx_word' id='word_1_219' title='bbox 2214 2399 2313 2452; x_wconf 88' lang='lat' dir='ltr'>der</span> <span class='ocrx_word' id='word_1_220' title='bbox 2348 2400 2565 2453; x_wconf 86' lang='lat' dir='ltr'>damals</span> 
     </span>
     <span class='ocr_line' id='line_1_25' title="bbox 225 2467 2567 2540; baseline 0 -18"><span class='ocrx_word' id='word_1_221' title='bbox 225 2484 357 2535; x_wconf 78' lang='lat' dir='ltr'>quae</span> <span class='ocrx_word' id='word_1_222' title='bbox 392 2471 615 2525; x_wconf 79' lang='lat' dir='ltr'>delectet</span> <span class='ocrx_word' id='word_1_223' title='bbox 650 2486 703 2523; x_wconf 90' lang='lat' dir='ltr'>u.</span> <span class='ocrx_word' id='word_1_224' title='bbox 744 2473 915 2523; x_wconf 86' lang='lat' dir='ltr'>sonst.</span> <span class='ocrx_word' id='word_1_225' title='bbox 1448 2470 1657 2540; x_wconf 82' lang='lat' dir='ltr'>gerade</span> <span class='ocrx_word' id='word_1_226' title='bbox 1731 2485 1840 2523; x_wconf 87' lang='lat' dir='ltr'>von</span> <span class='ocrx_word' id='word_1_227' title='bbox 1903 2467 2074 2523; x_wconf 67' lang='lat' dir='ltr'>Casar</span> <span class='ocrx_word' id='word_1_228' title='bbox 2139 2471 2567 2524; x_wconf 87' lang='lat' dir='ltr'>unternommen</span> 
     </span>
    </p>

    <p class='ocr_par' dir='ltr' id='par_1_7' title="bbox 227 2537 2567 2682">
     <span class='ocr_line' id='line_1_26' title="bbox 293 2537 2565 2611; baseline 0 -19"><span class='ocrx_word' id='word_1_229' title='bbox 293 2543 342 2596; x_wconf 82' lang='lat'>2.</span> <span class='ocrx_word' id='word_1_230' title='bbox 398 2540 725 2611; x_wconf 77' lang='lat' dir='ltr'>currentem]</span> <span class='ocrx_word' id='word_1_231' title='bbox 771 2540 886 2609; x_wconf 84' lang='lat' dir='ltr'>vgl.</span> <span class='ocrx_word' id='word_1_232' title='bbox 934 2540 974 2594; x_wconf 92' lang='lat' dir='ltr'>I.</span> <span class='ocrx_word' id='word_1_233' title='bbox 1026 2546 1108 2595; x_wconf 89' lang='lat'>18.</span> <span class='ocrx_word' id='word_1_234' title='bbox 1146 2545 1232 2597; x_wconf 83' lang='lat'>45.</span> <span class='ocrx_word' id='word_1_235' title='bbox 1270 2573 1342 2581; x_wconf 96' lang='lat'><strong>—</strong></span> <span class='ocrx_word' id='word_1_236' title='bbox 1448 2540 1657 2593; x_wconf 83' lang='lat' dir='ltr'>wurde.</span> <span class='ocrx_word' id='word_1_237' title='bbox 1696 2569 1764 2578; x_wconf 96' lang='lat'>—</span> <span class='ocrx_word' id='word_1_238' title='bbox 1800 2540 2092 2609; x_wconf 81' lang='lat' dir='ltr'>coloribus]</span> <span class='ocrx_word' id='word_1_239' title='bbox 2132 2537 2369 2604; x_wconf 82' lang='lat' dir='ltr'>Quintus</span> <span class='ocrx_word' id='word_1_240' title='bbox 2398 2538 2565 2595; x_wconf 86' lang='lat' dir='ltr'>sollte</span> 
     </span>
     <span class='ocr_line' id='line_1_27' title="bbox 227 2607 2567 2682; baseline 0.001 -21"><span class='ocrx_word' id='word_1_241' title='bbox 227 2607 346 2680; x_wconf 75' lang='lat' dir='ltr'>qu</span> <span class='ocrx_word' id='word_1_242' title='bbox 411 2612 574 2682; x_wconf 84' lang='lat' dir='ltr'>vero]</span> <span class='ocrx_word' id='word_1_243' title='bbox 648 2629 692 2665; x_wconf 77' lang='grc' dir='ltr'>ε.</span> <span class='ocrx_word' id='word_1_244' title='bbox 748 2609 788 2665; x_wconf 94' lang='grc' dir='ltr'>Ι.</span> <span class='ocrx_word' id='word_1_245' title='bbox 848 2616 895 2665; x_wconf 91' lang='grc'>1.</span> <span class='ocrx_word' id='word_1_246' title='bbox 956 2617 1000 2664; x_wconf 92' lang='grc'>1.</span> <span class='ocrx_word' id='word_1_247' title='bbox 1081 2643 1147 2651; x_wconf 91' lang='grc'><strong>-</strong></span> <span class='ocrx_word' id='word_1_248' title='bbox 1220 2614 1338 2668; x_wconf 82' lang='lat' dir='ltr'>ard.</span> <span class='ocrx_word' id='word_1_249' title='bbox 1449 2611 1542 2665; x_wconf 91' lang='lat' dir='ltr'>die</span> <span class='ocrx_word' id='word_1_250' title='bbox 1580 2610 1834 2676; x_wconf 80' lang='lat' dir='ltr'>Farben,</span> <span class='ocrx_word' id='word_1_251' title='bbox 1884 2607 1975 2663; x_wconf 88' lang='lat' dir='ltr'>die</span> <span class='ocrx_word' id='word_1_252' title='bbox 2013 2609 2430 2680; x_wconf 86' lang='lat' dir='ltr'>Bcschreibung</span> <span class='ocrx_word' id='word_1_253' title='bbox 2467 2610 2567 2663; x_wconf 89' lang='lat' dir='ltr'>der</span> 
     </span>
    </p>
   </div>
   <div class='ocr_carea' id='block_1_6' title="bbox 225 2679 2573 4457">
    <p class='ocr_par' dir='ltr' id='par_1_8' title="bbox 226 2679 2565 3035">
     <span class='ocr_line' id='line_1_28' title="bbox 226 2679 2565 2753; baseline 0 -18"><span class='ocrx_word' id='word_1_254' title='bbox 226 2683 426 2753; x_wconf 74' lang='lat' dir='ltr'>studio]</span> <span class='ocrx_word' id='word_1_255' title='bbox 464 2681 890 2751; x_wconf 85' lang='lat' dir='ltr'>Begeisterung.</span> <span class='ocrx_word' id='word_1_256' title='bbox 948 2682 1025 2736; x_wconf 90' lang='lat' dir='ltr'>Zu</span> <span class='ocrx_word' id='word_1_257' title='bbox 1066 2686 1340 2752; x_wconf 77' lang='lat' dir='ltr'>erg’anzen</span> <span class='ocrx_word' id='word_1_258' title='bbox 1447 2682 1656 2747; x_wconf 86' lang='lat' dir='ltr'>Natur,</span> <span class='ocrx_word' id='word_1_259' title='bbox 1714 2679 1899 2734; x_wconf 88' lang='lat' dir='ltr'>Sitten</span> <span class='ocrx_word' id='word_1_260' title='bbox 1944 2699 1996 2734; x_wconf 88' lang='lat' dir='ltr'>u.</span> <span class='ocrx_word' id='word_1_261' title='bbox 2038 2698 2079 2734; x_wconf 89' lang='lat' dir='ltr'>s.</span> <span class='ocrx_word' id='word_1_262' title='bbox 2116 2698 2184 2735; x_wconf 82' lang='lat' dir='ltr'>w.</span> <span class='ocrx_word' id='word_1_263' title='bbox 2232 2679 2445 2736; x_wconf 87' lang='lat' dir='ltr'>liefern.</span> <span class='ocrx_word' id='word_1_264' title='bbox 2499 2712 2565 2720; x_wconf 90' lang='lat'>——</span> 
     </span>
     <span class='ocr_line' id='line_1_29' title="bbox 231 2749 2560 2825; baseline 0 -22"><span class='ocrx_word' id='word_1_265' title='bbox 231 2749 303 2804; x_wconf 80' lang='lat' dir='ltr'>ist</span> <span class='ocrx_word' id='word_1_266' title='bbox 335 2769 454 2808; x_wconf 75' lang='lat' dir='ltr'>sum</span> <span class='ocrx_word' id='word_1_267' title='bbox 491 2752 629 2808; x_wconf 85' lang='lat' dir='ltr'>oder</span> <span class='ocrx_word' id='word_1_268' title='bbox 656 2753 947 2820; x_wconf 71' lang='lat' dir='ltr'>conferam.</span> <span class='ocrx_word' id='word_1_269' title='bbox 978 2782 1047 2792; x_wconf 92' lang='lat'>—</span> <span class='ocrx_word' id='word_1_270' title='bbox 1075 2754 1141 2808; x_wconf 80' lang='lat' dir='ltr'>de</span> <span class='ocrx_word' id='word_1_271' title='bbox 1165 2754 1341 2825; x_wconf 72' lang='lat' dir='ltr'>nocte]</span> <span class='ocrx_word' id='word_1_272' title='bbox 1451 2758 1582 2807; x_wconf 76' lang='lat' dir='ltr'>tuus</span> <span class='ocrx_word' id='word_1_273' title='bbox 1617 2750 1793 2822; x_wconf 82' lang='lat' dir='ltr'>amor]</span> <span class='ocrx_word' id='word_1_274' title='bbox 1837 2767 1995 2819; x_wconf 90' lang='lat' dir='ltr'>pron.</span> <span class='ocrx_word' id='word_1_275' title='bbox 2032 2767 2178 2820; x_wconf 85' lang='lat' dir='ltr'>poss.</span> <span class='ocrx_word' id='word_1_276' title='bbox 2216 2751 2306 2805; x_wconf 70' lang='lat' dir='ltr'>fiir</span> <span class='ocrx_word' id='word_1_277' title='bbox 2342 2750 2396 2807; x_wconf 82' lang='lat' dir='ltr'>d.</span> <span class='ocrx_word' id='word_1_278' title='bbox 2434 2768 2560 2821; x_wconf 80' lang='lat' dir='ltr'>gen.</span> 
     </span>
     <span class='ocr_line' id='line_1_30' title="bbox 226 2821 2564 2892; baseline 0 -16"><span class='ocrx_word' id='word_1_279' title='bbox 226 2823 358 2878; x_wconf 76' lang='lat' dir='ltr'>noch</span> <span class='ocrx_word' id='word_1_280' title='bbox 400 2827 563 2880; x_wconf 80' lang='lat' dir='ltr'>einen</span> <span class='ocrx_word' id='word_1_281' title='bbox 604 2824 725 2879; x_wconf 79' lang='lat' dir='ltr'>Teil</span> <span class='ocrx_word' id='word_1_282' title='bbox 765 2824 862 2879; x_wconf 79' lang='lat' dir='ltr'>der</span> <span class='ocrx_word' id='word_1_283' title='bbox 897 2823 1099 2879; x_wconf 79' lang='lat' dir='ltr'>Nacht.</span> <span class='ocrx_word' id='word_1_284' title='bbox 1172 2824 1346 2880; x_wconf 78' lang='lat' dir='ltr'>Nocte</span> <span class='ocrx_word' id='word_1_285' title='bbox 1451 2822 1564 2892; x_wconf 85' lang='lat' dir='ltr'>obj.</span> <span class='ocrx_word' id='word_1_286' title='bbox 1592 2821 1747 2878; x_wconf 87' lang='lat' dir='ltr'>Fam.</span> <span class='ocrx_word' id='word_1_287' title='bbox 1784 2822 1844 2878; x_wconf 89' lang='lat' dir='ltr'>V.</span> <span class='ocrx_word' id='word_1_288' title='bbox 1879 2828 1960 2877; x_wconf 82' lang='lat'>12.</span> <span class='ocrx_word' id='word_1_289' title='bbox 1991 2829 2049 2877; x_wconf 84' lang='lat'>3:</span> <span class='ocrx_word' id='word_1_290' title='bbox 2078 2838 2230 2879; x_wconf 85' lang='lat' dir='ltr'>amor</span> <span class='ocrx_word' id='word_1_291' title='bbox 2257 2829 2435 2879; x_wconf 78' lang='lat' dir='ltr'>noster</span> <span class='ocrx_word' id='word_1_292' title='bbox 2475 2823 2564 2877; x_wconf 78' lang='lat' dir='ltr'>‘zu</span> 
     </span>
     <span class='ocr_line' id='line_1_31' title="bbox 226 2890 2565 2962; baseline 0.001 -16"><span class='ocrx_word' id='word_1_293' title='bbox 226 2890 297 2946; x_wconf 88' lang='lat' dir='ltr'>ist</span> <span class='ocrx_word' id='word_1_294' title='bbox 328 2896 556 2952; x_wconf 85' lang='lat' dir='ltr'>einfach</span> <span class='ocrx_word' id='word_1_295' title='bbox 586 2922 654 2941; x_wconf 90' lang='lat'>=</span> <span class='ocrx_word' id='word_1_296' title='bbox 681 2895 899 2962; x_wconf 88' lang='lat' dir='ltr'>nachts,</span> <span class='ocrx_word' id='word_1_297' title='bbox 937 2894 1207 2949; x_wconf 69' lang='lat' dir='ltr'>wahrend</span> <span class='ocrx_word' id='word_1_298' title='bbox 1245 2896 1345 2950; x_wconf 89' lang='lat' dir='ltr'>der</span> <span class='ocrx_word' id='word_1_299' title='bbox 1450 2894 1599 2948; x_wconf 85' lang='lat' dir='ltr'>uns’.</span> <span class='ocrx_word' id='word_1_300' title='bbox 1681 2893 1797 2950; x_wconf 88' lang='lat' dir='ltr'>Att.</span> <span class='ocrx_word' id='word_1_301' title='bbox 1845 2893 1991 2948; x_wconf 90' lang='lat' dir='ltr'>VIII.</span> <span class='ocrx_word' id='word_1_302' title='bbox 2047 2898 2129 2950; x_wconf 93' lang='lat'>11.</span> <span class='ocrx_word' id='word_1_303' title='bbox 2185 2893 2250 2949; x_wconf 92' lang='lat' dir='ltr'>D.</span> <span class='ocrx_word' id='word_1_304' title='bbox 2311 2900 2365 2949; x_wconf 79' lang='lat'>⁷:</span> <span class='ocrx_word' id='word_1_305' title='bbox 2423 2896 2565 2950; x_wconf 71' lang='lat' dir='ltr'>duxi</span> 
     </span>
     <span class='ocr_line' id='line_1_32' title="bbox 229 2962 1938 3035; baseline 0.001 -17"><span class='ocrx_word' id='word_1_306' title='bbox 229 2962 434 3035; x_wconf 84' lang='lat' dir='ltr'>Nacht,</span> <span class='ocrx_word' id='word_1_307' title='bbox 473 2969 543 3022; x_wconf 80' lang='lat' dir='ltr'>de</span> <span class='ocrx_word' id='word_1_308' title='bbox 577 2971 732 3021; x_wconf 69' lang='lat' dir='ltr'>‘nocte</span> <span class='ocrx_word' id='word_1_309' title='bbox 769 2991 837 3012; x_wconf 88' lang='lat'>==</span> <span class='ocrx_word' id='word_1_310' title='bbox 873 2983 985 3020; x_wconf 78' lang='lat' dir='ltr'>von</span> <span class='ocrx_word' id='word_1_311' title='bbox 1023 2966 1120 3020; x_wconf 88' lang='lat' dir='ltr'>der</span> <span class='ocrx_word' id='word_1_312' title='bbox 1155 2964 1344 3021; x_wconf 85' lang='lat' dir='ltr'>Nacht</span> <span class='ocrx_word' id='word_1_313' title='bbox 1448 2982 1621 3020; x_wconf 87' lang='lat' dir='ltr'>meam</span> <span class='ocrx_word' id='word_1_314' title='bbox 1656 2967 1938 3020; x_wconf 74' lang='lat' dir='ltr'>rationem.</span> 
     </span>
    </p>

    <p class='ocr_par' dir='ltr' id='par_1_9' title="bbox 225 3020 2573 4457">
     <span class='ocr_line' id='line_1_33' title="bbox 230 3020 2562 3117; baseline 0.002 -29"><span class='ocrx_word' id='word_1_315' title='bbox 230 3035 339 3104; x_wconf 69' lang='lat' dir='ltr'>her,</span> <span class='ocrx_word' id='word_1_316' title='bbox 375 3055 480 3108; x_wconf 76' lang='lat' dir='ltr'>pro</span> <span class='ocrx_word' id='word_1_317' title='bbox 518 3037 660 3094; x_wconf 76' lang='lat' dir='ltr'>Mur.</span> <span class='ocrx_word' id='word_1_318' title='bbox 698 3044 747 3094; x_wconf 80' lang='lat'>9.</span> <span class='ocrx_word' id='word_1_319' title='bbox 786 3043 882 3091; x_wconf 73' lang='lat'>222</span> <span class='ocrx_word' id='word_1_320' title='bbox 931 3036 1149 3106; x_wconf 72' lang='lat' dir='ltr'>Viqaas&#39;</span> <span class='ocrx_word' id='word_1_321' title='bbox 1179 3043 1242 3094; x_wconf 72' lang='lat' dir='ltr'>tu</span> <span class='ocrx_word' id='word_1_322' title='bbox 1277 3039 1343 3093; x_wconf 73' lang='lat' dir='ltr'>de</span> <span class='ocrx_word' id='word_1_323' title='bbox 1522 3043 1571 3090; x_wconf 89' lang='lat'>3.</span> <span class='ocrx_word' id='word_1_324' title='bbox 1658 3036 2006 3108; x_wconf 72' lang='lat' dir='ltr'>Trebatium]</span> <span class='ocrx_word' id='word_1_325' title='bbox 2048 3105 2060 3117; x_wconf 35' lang='grc'><strong>.</strong></span> <span class='ocrx_word' id='word_1_326' title='bbox 2097 3020 2247 3092; x_wconf 76' lang='lat' dir='ltr'>Uber</span> <span class='ocrx_word' id='word_1_327' title='bbox 2335 3037 2434 3091; x_wconf 77' lang='lat' dir='ltr'>ihn</span> <span class='ocrx_word' id='word_1_328' title='bbox 2518 3055 2562 3092; x_wconf 71' lang='lat' dir='ltr'>s.</span> 
     </span>
     <span class='ocr_line' id='line_1_34' title="bbox 227 3105 2565 3175; baseline 0 -13"><span class='ocrx_word' id='word_1_329' title='bbox 227 3113 405 3175; x_wconf 51' lang='lat' dir='ltr'>metm</span> <span class='ocrx_word' id='word_1_330' title='bbox 466 3108 545 3165; x_wconf 91' lang='lat' dir='ltr'>ib.</span> <span class='ocrx_word' id='word_1_331' title='bbox 599 3115 682 3163; x_wconf 85' lang='lat'>33.</span> <span class='ocrx_word' id='word_1_332' title='bbox 729 3113 813 3163; x_wconf 87' lang='grc'>69.</span> <span class='ocrx_word' id='word_1_333' title='bbox 879 3139 948 3148; x_wconf 92' lang='grc'><strong>-</strong></span> <span class='ocrx_word' id='word_1_334' title='bbox 1010 3125 1132 3163; x_wconf 75' lang='lat' dir='ltr'>cum</span> <span class='ocrx_word' id='word_1_335' title='bbox 1193 3126 1221 3163; x_wconf 84' lang='lat' dir='ltr'>e</span> <span class='ocrx_word' id='word_1_336' title='bbox 1254 3111 1343 3165; x_wconf 77' lang='lat' dir='ltr'>wis</span> <span class='ocrx_word' id='word_1_337' title='bbox 1447 3106 1516 3161; x_wconf 90' lang='lat' dir='ltr'>H.</span> <span class='ocrx_word' id='word_1_338' title='bbox 1559 3114 1641 3164; x_wconf 83' lang='lat'>13.</span> <span class='ocrx_word' id='word_1_339' title='bbox 1689 3107 1917 3162; x_wconf 90' lang='lat' dir='ltr'>Vorbm.</span> <span class='ocrx_word' id='word_1_340' title='bbox 2000 3105 2193 3162; x_wconf 76' lang='lat' dir='ltr'>Cicero</span> <span class='ocrx_word' id='word_1_341' title='bbox 2249 3109 2404 3163; x_wconf 82' lang='lat' dir='ltr'>hatte</span> <span class='ocrx_word' id='word_1_342' title='bbox 2464 3110 2565 3163; x_wconf 89' lang='lat' dir='ltr'>ihn</span> 
     </span>
     <span class='ocr_line' id='line_1_35' title="bbox 230 3178 2567 3252; baseline 0.003 -23"><span class='ocrx_word' id='word_1_343' title='bbox 230 3180 343 3233; x_wconf 79' lang='lat' dir='ltr'>tum</span> <span class='ocrx_word' id='word_1_344' title='bbox 376 3181 499 3252; x_wconf 64' lang='lat' dir='ltr'>eta]</span> <span class='ocrx_word' id='word_1_345' title='bbox 551 3179 645 3234; x_wconf 85' lang='lat' dir='ltr'>ich</span> <span class='ocrx_word' id='word_1_346' title='bbox 680 3178 890 3247; x_wconf 78' lang='lat' dir='ltr'>werde,</span> <span class='ocrx_word' id='word_1_347' title='bbox 938 3197 1033 3234; x_wconf 89' lang='lat' dir='ltr'>um</span> <span class='ocrx_word' id='word_1_348' title='bbox 1071 3179 1171 3234; x_wconf 83' lang='lat' dir='ltr'>das</span> <span class='ocrx_word' id='word_1_349' title='bbox 1260 3197 1341 3234; x_wconf 90' lang='lat' dir='ltr'>er·</span> <span class='ocrx_word' id='word_1_350' title='bbox 1451 3178 1628 3234; x_wconf 86' lang='lat' dir='ltr'>durch</span> <span class='ocrx_word' id='word_1_351' title='bbox 1673 3178 1780 3233; x_wconf 89' lang='lat' dir='ltr'>den</span> <span class='ocrx_word' id='word_1_352' title='bbox 1831 3179 2148 3248; x_wconf 84' lang='lat' dir='ltr'>genannten</span> <span class='ocrx_word' id='word_1_353' title='bbox 2194 3178 2351 3233; x_wconf 85' lang='lat' dir='ltr'>Brief</span> <span class='ocrx_word' id='word_1_354' title='bbox 2396 3180 2567 3235; x_wconf 71' lang='lat' dir='ltr'>Casar</span> 
     </span>
     <span class='ocr_line' id='line_1_36' title="bbox 233 3249 2573 3321; baseline 0.003 -22"><span class='ocrx_word' id='word_1_355' title='bbox 233 3252 441 3305; x_wconf 70' lang='lat' dir='ltr'>saumte</span> <span class='ocrx_word' id='word_1_356' title='bbox 482 3254 587 3321; x_wconf 84' lang='lat' dir='ltr'>gut</span> <span class='ocrx_word' id='word_1_357' title='bbox 623 3270 689 3304; x_wconf 86' lang='lat' dir='ltr'>zu</span> <span class='ocrx_word' id='word_1_358' title='bbox 727 3251 987 3317; x_wconf 86' lang='lat' dir='ltr'>machen,</span> <span class='ocrx_word' id='word_1_359' title='bbox 1024 3267 1139 3303; x_wconf 90' lang='lat' dir='ltr'>nun</span> <span class='ocrx_word' id='word_1_360' title='bbox 1177 3250 1342 3319; x_wconf 88' lang='lat' dir='ltr'>eilen,</span> <span class='ocrx_word' id='word_1_361' title='bbox 1451 3250 1773 3319; x_wconf 86' lang='lat' dir='ltr'>empfohlen</span> <span class='ocrx_word' id='word_1_362' title='bbox 1839 3250 1952 3303; x_wconf 87' lang='lat' dir='ltr'>und</span> <span class='ocrx_word' id='word_1_363' title='bbox 2018 3249 2107 3303; x_wconf 87' lang='lat' dir='ltr'>die</span> <span class='ocrx_word' id='word_1_364' title='bbox 2157 3249 2417 3305; x_wconf 82' lang='lat' dir='ltr'>Antwort</span> <span class='ocrx_word' id='word_1_365' title='bbox 2470 3251 2573 3305; x_wconf 89' lang='lat' dir='ltr'>auf</span> 
     </span>
     <span class='ocr_line' id='line_1_37' title="bbox 228 3317 2563 3390; baseline 0.002 -19"><span class='ocrx_word' id='word_1_366' title='bbox 228 3317 382 3375; x_wconf 87' lang='lat' dir='ltr'>nicht</span> <span class='ocrx_word' id='word_1_367' title='bbox 426 3324 535 3377; x_wconf 88' lang='lat' dir='ltr'>mit</span> <span class='ocrx_word' id='word_1_368' title='bbox 577 3321 818 3376; x_wconf 86' lang='lat' dir='ltr'>Pferden</span> <span class='ocrx_word' id='word_1_369' title='bbox 858 3321 1053 3388; x_wconf 78' lang='lat' dir='ltr'>ausin,</span> <span class='ocrx_word' id='word_1_370' title='bbox 1103 3323 1343 3377; x_wconf 88' lang='lat' dir='ltr'>sondern</span> <span class='ocrx_word' id='word_1_371' title='bbox 1450 3321 1644 3375; x_wconf 85' lang='lat' dir='ltr'>diesen</span> <span class='ocrx_word' id='word_1_372' title='bbox 1715 3319 2272 3390; x_wconf 78' lang='lat' dir='ltr'>EmpfehlungsbrIef</span> <span class='ocrx_word' id='word_1_373' title='bbox 2338 3321 2417 3374; x_wconf 89' lang='lat' dir='ltr'>ist</span> <span class='ocrx_word' id='word_1_374' title='bbox 2488 3338 2563 3388; x_wconf 85' lang='lat' dir='ltr'>es,</span> 
     </span>
     <span class='ocr_line' id='line_1_38' title="bbox 232 3389 2566 3463; baseline 0.002 -21"><span class='ocrx_word' id='word_1_375' title='bbox 232 3407 390 3458; x_wconf 81' lang='lat' dir='ltr'>sogar</span> <span class='ocrx_word' id='word_1_376' title='bbox 442 3393 550 3448; x_wconf 89' lang='lat' dir='ltr'>mit</span> <span class='ocrx_word' id='word_1_377' title='bbox 608 3393 736 3448; x_wconf 89' lang='lat' dir='ltr'>dem</span> <span class='ocrx_word' id='word_1_378' title='bbox 790 3391 1130 3463; x_wconf 74' lang='lat' dir='ltr'>geflfigelten</span> <span class='ocrx_word' id='word_1_379' title='bbox 1179 3393 1341 3447; x_wconf 87' lang='lat' dir='ltr'>Vier-</span> <span class='ocrx_word' id='word_1_380' title='bbox 1449 3393 1662 3447; x_wconf 85' lang='lat' dir='ltr'>welche</span> <span class='ocrx_word' id='word_1_381' title='bbox 1718 3389 1910 3446; x_wconf 87' lang='lat' dir='ltr'>Cicero</span> <span class='ocrx_word' id='word_1_382' title='bbox 1964 3391 2086 3445; x_wconf 85' lang='lat' dir='ltr'>hier</span> <span class='ocrx_word' id='word_1_383' title='bbox 2138 3391 2440 3459; x_wconf 83' lang='lat' dir='ltr'>bespricht.</span> <span class='ocrx_word' id='word_1_384' title='bbox 2497 3423 2566 3432; x_wconf 96' lang='lat'><strong>—</strong></span> 
     </span>
     <span class='ocr_line' id='line_1_39' title="bbox 232 3460 2565 3534; baseline 0.001 -20"><span class='ocrx_word' id='word_1_385' title='bbox 232 3476 480 3532; x_wconf 83' lang='lat' dir='ltr'>gespann</span> <span class='ocrx_word' id='word_1_386' title='bbox 533 3464 631 3518; x_wconf 86' lang='lat' dir='ltr'>des</span> <span class='ocrx_word' id='word_1_387' title='bbox 681 3463 956 3518; x_wconf 87' lang='lat' dir='ltr'>Dichters.</span> <span class='ocrx_word' id='word_1_388' title='bbox 1044 3463 1344 3534; x_wconf 75' lang='lat' dir='ltr'>Quadriyis</span> <span class='ocrx_word' id='word_1_389' title='bbox 1448 3463 1731 3518; x_wconf 77' lang='lat' dir='ltr'>Domitius</span> <span class='ocrx_word' id='word_1_390' title='bbox 1795 3464 1935 3516; x_wconf 78' lang='lat' dir='ltr'>fiber</span> <span class='ocrx_word' id='word_1_391' title='bbox 1971 3462 2079 3516; x_wconf 89' lang='lat' dir='ltr'>den</span> <span class='ocrx_word' id='word_1_392' title='bbox 2114 3461 2330 3515; x_wconf 86' lang='lat' dir='ltr'>Konsnl</span> <span class='ocrx_word' id='word_1_393' title='bbox 2365 3460 2426 3516; x_wconf 90' lang='lat' dir='ltr'>L.</span> <span class='ocrx_word' id='word_1_394' title='bbox 2456 3460 2565 3516; x_wconf 90' lang='lat' dir='ltr'>Do-</span> 
     </span>
     <span class='ocr_line' id='line_1_40' title="bbox 230 3530 2561 3604; baseline 0.003 -21"><span class='ocrx_word' id='word_1_395' title='bbox 230 3531 445 3588; x_wconf 83' lang='lat' dir='ltr'>scheint</span> <span class='ocrx_word' id='word_1_396' title='bbox 489 3553 584 3589; x_wconf 86' lang='lat' dir='ltr'>zur</span> <span class='ocrx_word' id='word_1_397' title='bbox 637 3533 1027 3604; x_wconf 86' lang='lat' dir='ltr'>Bezeichnung</span> <span class='ocrx_word' id='word_1_398' title='bbox 1074 3535 1172 3590; x_wconf 89' lang='lat' dir='ltr'>der</span> <span class='ocrx_word' id='word_1_399' title='bbox 1216 3536 1341 3590; x_wconf 86' lang='lat' dir='ltr'>Eile</span> <span class='ocrx_word' id='word_1_400' title='bbox 1448 3533 1641 3589; x_wconf 88' lang='lat' dir='ltr'>mitius</span> <span class='ocrx_word' id='word_1_401' title='bbox 1685 3533 1735 3587; x_wconf 88' lang='lat' dir='ltr'>A</span> <span class='ocrx_word' id='word_1_402' title='bbox 1780 3532 2090 3588; x_wconf 86' lang='lat' dir='ltr'>enobarbus</span> <span class='ocrx_word' id='word_1_403' title='bbox 2138 3550 2180 3587; x_wconf 80' lang='grc' dir='ltr'>ε.</span> <span class='ocrx_word' id='word_1_404' title='bbox 2226 3530 2371 3585; x_wconf 84' lang='lat' dir='ltr'>Einl.</span> <span class='ocrx_word' id='word_1_405' title='bbox 2418 3551 2462 3586; x_wconf 89' lang='lat' dir='ltr'>z.</span> <span class='ocrx_word' id='word_1_406' title='bbox 2511 3532 2561 3589; x_wconf 92' lang='lat' dir='ltr'>J.</span> 
     </span>
     <span class='ocr_line' id='line_1_41' title="bbox 241 3603 2567 3674; baseline -0 -17"><span class='ocrx_word' id='word_1_407' title='bbox 241 3603 683 3671; x_wconf 73' lang='lat' dir='ltr'>sprichwortlich</span> <span class='ocrx_word' id='word_1_408' title='bbox 755 3621 1012 3674; x_wconf 82' lang='lat' dir='ltr'>gewesen</span> <span class='ocrx_word' id='word_1_409' title='bbox 1074 3624 1142 3660; x_wconf 82' lang='lat' dir='ltr'>zu</span> <span class='ocrx_word' id='word_1_410' title='bbox 1208 3607 1342 3661; x_wconf 88' lang='lat' dir='ltr'>sein.</span> <span class='ocrx_word' id='word_1_411' title='bbox 1451 3611 1556 3660; x_wconf 81' lang='lat'>698</span> <span class='ocrx_word' id='word_1_412' title='bbox 1592 3606 1630 3661; x_wconf 84' lang='lat' dir='ltr'>f.</span> <span class='ocrx_word' id='word_1_413' title='bbox 1740 3604 1868 3658; x_wconf 88' lang='lat' dir='ltr'>Wie</span> <span class='ocrx_word' id='word_1_414' title='bbox 1948 3605 2084 3659; x_wconf 88' lang='lat' dir='ltr'>weit</span> <span class='ocrx_word' id='word_1_415' title='bbox 2152 3603 2303 3657; x_wconf 82' lang='lat' dir='ltr'>scine</span> <span class='ocrx_word' id='word_1_416' title='bbox 2374 3604 2567 3657; x_wconf 89' lang='lat' dir='ltr'>Macht</span> 
     </span>
     <span class='ocr_line' id='line_1_42' title="bbox 236 3671 2564 3755; baseline 0.001 -30"><span class='ocrx_word' id='word_1_417' title='bbox 236 3671 363 3728; x_wconf 87' lang='lat' dir='ltr'>Hor.</span> <span class='ocrx_word' id='word_1_418' title='bbox 411 3693 498 3747; x_wconf 87' lang='lat' dir='ltr'>ep.</span> <span class='ocrx_word' id='word_1_419' title='bbox 534 3676 577 3731; x_wconf 90' lang='grc' dir='ltr'>Ι.</span> <span class='ocrx_word' id='word_1_420' title='bbox 628 3681 711 3731; x_wconf 92' lang='grc'>11.</span> <span class='ocrx_word' id='word_1_421' title='bbox 750 3682 844 3731; x_wconf 79' lang='lat'>28:</span> <span class='ocrx_word' id='word_1_422' title='bbox 898 3678 1134 3732; x_wconf 77' lang='lat' dir='ltr'>navibus</span> <span class='ocrx_word' id='word_1_423' title='bbox 1184 3684 1346 3747; x_wconf 75' lang='lat' dir='ltr'>atquc</span> <span class='ocrx_word' id='word_1_424' title='bbox 1451 3676 1682 3744; x_wconf 88' lang='lat' dir='ltr'>reichte,</span> <span class='ocrx_word' id='word_1_425' title='bbox 1719 3675 1956 3730; x_wconf 84' lang='lat' dir='ltr'>beweist</span> <span class='ocrx_word' id='word_1_426' title='bbox 1982 3676 2081 3729; x_wconf 88' lang='lat' dir='ltr'>der</span> <span class='ocrx_word' id='word_1_427' title='bbox 2109 3674 2401 3755; x_wconf 73' lang='lat' dir='ltr'>Umstand‚</span> <span class='ocrx_word' id='word_1_428' title='bbox 2440 3673 2564 3728; x_wconf 83' lang='lat' dir='ltr'>dass</span> 
     </span>
     <span class='ocr_line' id='line_1_43' title="bbox 234 3742 2564 3819; baseline -0.002 -17"><span class='ocrx_word' id='word_1_429' title='bbox 234 3742 531 3819; x_wconf 71' lang='lat' dir='ltr'>Quadriqis</span> <span class='ocrx_word' id='word_1_430' title='bbox 568 3749 807 3816; x_wconf 78' lang='lat' dir='ltr'>petimus</span> <span class='ocrx_word' id='word_1_431' title='bbox 860 3749 989 3803; x_wconf 76' lang='lat' dir='ltr'>bene</span> <span class='ocrx_word' id='word_1_432' title='bbox 1035 3749 1225 3803; x_wconf 81' lang='lat' dir='ltr'>vivere.</span> <span class='ocrx_word' id='word_1_433' title='bbox 1274 3779 1342 3789; x_wconf 89' lang='lat'>—</span> <span class='ocrx_word' id='word_1_434' title='bbox 1452 3763 1513 3800; x_wconf 87' lang='lat' dir='ltr'>er</span> <span class='ocrx_word' id='word_1_435' title='bbox 1550 3745 1764 3817; x_wconf 68' lang='lat' dir='ltr'>taglich</span> <span class='ocrx_word' id='word_1_436' title='bbox 1792 3746 2110 3815; x_wconf 83' lang='lat' dir='ltr'>jammerte,</span> <span class='ocrx_word' id='word_1_437' title='bbox 2154 3762 2216 3810; x_wconf 84' lang='lat' dir='ltr'>er</span> <span class='ocrx_word' id='word_1_438' title='bbox 2252 3762 2335 3799; x_wconf 81' lang='lat' dir='ltr'>se1</span> <span class='ocrx_word' id='word_1_439' title='bbox 2372 3762 2431 3799; x_wconf 86' lang='lat' dir='ltr'>so</span> <span class='ocrx_word' id='word_1_440' title='bbox 2468 3762 2564 3815; x_wconf 86' lang='lat' dir='ltr'>ge-</span> 
     </span>
     <span class='ocr_line' id='line_1_44' title="bbox 225 3814 2564 3890; baseline -0 -20"><span class='ocrx_word' id='word_1_441' title='bbox 225 3821 414 3879; x_wconf 68' lang='lat' dir='ltr'>poema</span> <span class='ocrx_word' id='word_1_442' title='bbox 481 3819 752 3890; x_wconf 76' lang='lat' dir='ltr'>nostrum]</span> <span class='ocrx_word' id='word_1_443' title='bbox 820 3818 911 3871; x_wconf 89' lang='lat' dir='ltr'>ein</span> <span class='ocrx_word' id='word_1_444' title='bbox 975 3818 1217 3873; x_wconf 84' lang='lat' dir='ltr'>Gedicht</span> <span class='ocrx_word' id='word_1_445' title='bbox 1278 3835 1344 3872; x_wconf 84' lang='lat' dir='ltr'>zu</span> <span class='ocrx_word' id='word_1_446' title='bbox 1450 3816 1694 3884; x_wconf 78' lang='lat' dir='ltr'>handen,</span> <span class='ocrx_word' id='word_1_447' title='bbox 1733 3816 1855 3871; x_wconf 82' lang='lat' dir='ltr'>dass</span> <span class='ocrx_word' id='word_1_448' title='bbox 1894 3832 1953 3871; x_wconf 86' lang='lat' dir='ltr'>er</span> <span class='ocrx_word' id='word_1_449' title='bbox 1981 3816 2139 3871; x_wconf 86' lang='lat' dir='ltr'>nieht</span> <span class='ocrx_word' id='word_1_450' title='bbox 2166 3815 2374 3870; x_wconf 88' lang='lat' dir='ltr'>einmal</span> <span class='ocrx_word' id='word_1_451' title='bbox 2402 3814 2564 3870; x_wconf 88' lang='lat' dir='ltr'>einen</span> 
     </span>
     <span class='ocr_line' id='line_1_45' title="bbox 233 3883 2566 3956; baseline 0.002 -20"><span class='ocrx_word' id='word_1_452' title='bbox 233 3883 412 3943; x_wconf 81' lang='lat' dir='ltr'>Ehren</span> <span class='ocrx_word' id='word_1_453' title='bbox 478 3890 698 3946; x_wconf 69' lang='lat' dir='ltr'>casare.</span> <span class='ocrx_word' id='word_1_454' title='bbox 799 3888 860 3956; x_wconf 84' lang='lat' dir='ltr'>Q.</span> <span class='ocrx_word' id='word_1_455' title='bbox 917 3890 985 3945; x_wconf 87' lang='lat' dir='ltr'>fr.</span> <span class='ocrx_word' id='word_1_456' title='bbox 1041 3889 1108 3944; x_wconf 89' lang='lat'>11.</span> <span class='ocrx_word' id='word_1_457' title='bbox 1161 3896 1244 3944; x_wconf 85' lang='lat'>15.</span> <span class='ocrx_word' id='word_1_458' title='bbox 1293 3894 1341 3944; x_wconf 89' lang='grc'>5.</span> <span class='ocrx_word' id='word_1_459' title='bbox 1452 3887 1677 3943; x_wconf 85' lang='lat' dir='ltr'>Offizier</span> <span class='ocrx_word' id='word_1_460' title='bbox 1712 3903 1989 3942; x_wconf 86' lang='lat' dir='ltr'>ernennen</span> <span class='ocrx_word' id='word_1_461' title='bbox 2025 3889 2225 3942; x_wconf 74' lang='lat' dir='ltr'>konne.</span> <span class='ocrx_word' id='word_1_462' title='bbox 2296 3885 2419 3939; x_wconf 89' lang='lat' dir='ltr'>Von</span> <span class='ocrx_word' id='word_1_463' title='bbox 2457 3885 2566 3941; x_wconf 88' lang='lat' dir='ltr'>den</span> 
     </span>
     <span class='ocr_line' id='line_1_46' title="bbox 237 3955 2567 4016; baseline 0.002 -8"><span class='ocrx_word' id='word_1_464' title='bbox 237 3956 474 4015; x_wconf 83' lang='lat' dir='ltr'>schreibt</span> <span class='ocrx_word' id='word_1_465' title='bbox 509 3961 700 4016; x_wconf 83' lang='lat' dir='ltr'>Cicero</span> <span class='ocrx_word' id='word_1_466' title='bbox 748 3961 989 4016; x_wconf 73' lang='lat' dir='ltr'>dart’iber</span> <span class='ocrx_word' id='word_1_467' title='bbox 1035 3978 1107 4016; x_wconf 89' lang='lat' dir='ltr'>an</span> <span class='ocrx_word' id='word_1_468' title='bbox 1152 3960 1346 4015; x_wconf 88' lang='lat' dir='ltr'>seinen</span> <span class='ocrx_word' id='word_1_469' title='bbox 1450 3959 1664 4014; x_wconf 89' lang='lat' dir='ltr'>tribuni</span> <span class='ocrx_word' id='word_1_470' title='bbox 1724 3957 1956 4012; x_wconf 83' lang='lat' dir='ltr'>wurden</span> <span class='ocrx_word' id='word_1_471' title='bbox 2018 3958 2107 4011; x_wconf 87' lang='lat' dir='ltr'>die</span> <span class='ocrx_word' id='word_1_472' title='bbox 2171 3964 2242 4011; x_wconf 81' lang='lat'>24</span> <span class='ocrx_word' id='word_1_473' title='bbox 2293 3958 2392 4010; x_wconf 86' lang='lat' dir='ltr'>der</span> <span class='ocrx_word' id='word_1_474' title='bbox 2444 3955 2567 4013; x_wconf 85' lang='lat' dir='ltr'>vier</span> 
     </span>
     <span class='ocr_line' id='line_1_47' title="bbox 234 4021 2565 4102; baseline 0.001 -21"><span class='ocrx_word' id='word_1_475' title='bbox 234 4021 463 4086; x_wconf 84' lang='lat' dir='ltr'>Bruder:</span> <span class='ocrx_word' id='word_1_476' title='bbox 515 4033 757 4102; x_wconf 78' lang='lat' dir='ltr'>primum</span> <span class='ocrx_word' id='word_1_477' title='bbox 804 4033 1003 4087; x_wconf 75' lang='lat' dir='ltr'>librum</span> <span class='ocrx_word' id='word_1_478' title='bbox 1051 4048 1106 4086; x_wconf 78' lang='lat' dir='ltr'>se</span> <span class='ocrx_word' id='word_1_479' title='bbox 1160 4033 1345 4102; x_wconf 75' lang='lat' dir='ltr'>leyisse</span> <span class='ocrx_word' id='word_1_480' title='bbox 1451 4032 1640 4085; x_wconf 90' lang='lat' dir='ltr'>ersten</span> <span class='ocrx_word' id='word_1_481' title='bbox 1690 4027 1976 4099; x_wconf 86' lang='lat' dir='ltr'>Legionen</span> <span class='ocrx_word' id='word_1_482' title='bbox 2038 4045 2167 4083; x_wconf 85' lang='lat' dir='ltr'>vom</span> <span class='ocrx_word' id='word_1_483' title='bbox 2221 4026 2404 4082; x_wconf 83' lang='lat' dir='ltr'>Volke</span> <span class='ocrx_word' id='word_1_484' title='bbox 2509 4047 2565 4084; x_wconf 91' lang='lat' dir='ltr'>e-</span> 
     </span>
     <span class='ocr_line' id='line_1_48' title="bbox 232 4098 2567 4172; baseline 0.003 -24"><span class='ocrx_word' id='word_1_485' title='bbox 232 4100 446 4168; x_wconf 63' lang='lat' dir='ltr'>sci-ipsit</span> <span class='ocrx_word' id='word_1_486' title='bbox 507 4103 736 4172; x_wconf 73' lang='lat' dir='ltr'>(Casar)</span> <span class='ocrx_word' id='word_1_487' title='bbox 799 4106 875 4159; x_wconf 82' lang='lat' dir='ltr'>ad</span> <span class='ocrx_word' id='word_1_488' title='bbox 936 4120 1018 4157; x_wconf 83' lang='lat' dir='ltr'>me</span> <span class='ocrx_word' id='word_1_489' title='bbox 1081 4108 1234 4170; x_wconf 80' lang='lat' dir='ltr'>ante,</span> <span class='ocrx_word' id='word_1_490' title='bbox 1294 4108 1346 4158; x_wconf 77' lang='lat' dir='ltr'>et</span> <span class='ocrx_word' id='word_1_491' title='bbox 1450 4099 1653 4167; x_wconf 72' lang='lat' dir='ltr'>wahlt‚</span> <span class='ocrx_word' id='word_1_492' title='bbox 1710 4099 1800 4154; x_wconf 86' lang='lat' dir='ltr'>die</span> <span class='ocrx_word' id='word_1_493' title='bbox 1857 4099 1957 4152; x_wconf 86' lang='lat' dir='ltr'>der</span> <span class='ocrx_word' id='word_1_494' title='bbox 2013 4098 2246 4169; x_wconf 71' lang='lat' dir='ltr'>fibrigen</span> <span class='ocrx_word' id='word_1_495' title='bbox 2303 4115 2410 4155; x_wconf 86' lang='lat' dir='ltr'>von</span> <span class='ocrx_word' id='word_1_496' title='bbox 2497 4116 2567 4155; x_wconf 88' lang='lat' dir='ltr'>en</span> 
     </span>
     <span class='ocr_line' id='line_1_49' title="bbox 227 4170 2565 4244; baseline -0.003 -12"><span class='ocrx_word' id='word_1_497' title='bbox 227 4170 412 4232; x_wconf 75' lang='lat' dir='ltr'>prima</span> <span class='ocrx_word' id='word_1_498' title='bbox 453 4175 534 4229; x_wconf 80' lang='lat' dir='ltr'>sic</span> <span class='ocrx_word' id='word_1_499' title='bbox 542 4216 561 4243; x_wconf 89' lang='lat'>,</span> <span class='ocrx_word' id='word_1_500' title='bbox 614 4179 676 4229; x_wconf 75' lang='lat' dir='ltr'>ut</span> <span class='ocrx_word' id='word_1_501' title='bbox 719 4180 872 4244; x_wconf 66' lang='lat' dir='ltr'>neget</span> <span class='ocrx_word' id='word_1_502' title='bbox 915 4190 970 4229; x_wconf 78' lang='lat' dir='ltr'>se</span> <span class='ocrx_word' id='word_1_503' title='bbox 1012 4189 1081 4228; x_wconf 79' lang='lat' dir='ltr'>ne</span> <span class='ocrx_word' id='word_1_504' title='bbox 1131 4172 1345 4228; x_wconf 79' lang='lat' dir='ltr'>Graeca</span> <span class='ocrx_word' id='word_1_505' title='bbox 1451 4170 1705 4226; x_wconf 85' lang='lat' dir='ltr'>Konsuln</span> <span class='ocrx_word' id='word_1_506' title='bbox 1759 4172 2009 4226; x_wconf 85' lang='lat' dir='ltr'>ernannt.</span> <span class='ocrx_word' id='word_1_507' title='bbox 2094 4170 2185 4224; x_wconf 88' lang='lat' dir='ltr'>Sie</span> <span class='ocrx_word' id='word_1_508' title='bbox 2234 4186 2419 4226; x_wconf 86' lang='lat' dir='ltr'>waren</span> <span class='ocrx_word' id='word_1_509' title='bbox 2475 4188 2565 4226; x_wconf 85' lang='lat' dir='ltr'>am</span> 
     </span>
     <span class='ocr_line' id='line_1_50' title="bbox 237 4240 2565 4315; baseline -0.003 -12"><span class='ocrx_word' id='word_1_510' title='bbox 237 4241 447 4303; x_wconf 63' lang='lat' dir='ltr'>Quidem</span> <span class='ocrx_word' id='word_1_511' title='bbox 481 4246 705 4301; x_wconf 80' lang='lat' dir='ltr'>meliora</span> <span class='ocrx_word' id='word_1_512' title='bbox 733 4246 935 4315; x_wconf 73' lang='lat' dir='ltr'>leyisse.</span> <span class='ocrx_word' id='word_1_513' title='bbox 965 4275 1032 4285; x_wconf 91' lang='lat'>-—</span> <span class='ocrx_word' id='word_1_514' title='bbox 1061 4247 1188 4300; x_wconf 81' lang='lat' dir='ltr'>date</span> <span class='ocrx_word' id='word_1_515' title='bbox 1213 4244 1343 4299; x_wconf 80' lang='lat' dir='ltr'>Bri·</span> <span class='ocrx_word' id='word_1_516' title='bbox 1450 4242 1609 4296; x_wconf 88' lang='lat' dir='ltr'>Ende</span> <span class='ocrx_word' id='word_1_517' title='bbox 1664 4242 1763 4296; x_wconf 87' lang='lat' dir='ltr'>der</span> <span class='ocrx_word' id='word_1_518' title='bbox 1807 4240 2089 4310; x_wconf 84' lang='lat' dir='ltr'>Republik</span> <span class='ocrx_word' id='word_1_519' title='bbox 2134 4241 2244 4295; x_wconf 84' lang='lat' dir='ltr'>alle</span> <span class='ocrx_word' id='word_1_520' title='bbox 2289 4259 2388 4297; x_wconf 82' lang='lat' dir='ltr'>aus</span> <span class='ocrx_word' id='word_1_521' title='bbox 2437 4243 2565 4297; x_wconf 88' lang='lat' dir='ltr'>dem</span> 
     </span>
     <span class='ocr_line' id='line_1_51' title="bbox 236 4310 2565 4390; baseline 0.001 -24"><span class='ocrx_word' id='word_1_522' title='bbox 236 4310 504 4390; x_wconf 57' lang='lat' dir='ltr'>tanniam]</span> <span class='ocrx_word' id='word_1_523' title='bbox 593 4316 691 4371; x_wconf 89' lang='lat' dir='ltr'>ebt</span> <span class='ocrx_word' id='word_1_524' title='bbox 735 4318 842 4371; x_wconf 87' lang='lat' dir='ltr'>mir</span> <span class='ocrx_word' id='word_1_525' title='bbox 887 4316 1024 4370; x_wconf 89' lang='lat' dir='ltr'>Brit.</span> <span class='ocrx_word' id='word_1_526' title='bbox 1065 4342 1132 4361; x_wconf 86' lang='lat'><strong>=</strong></span> <span class='ocrx_word' id='word_1_527' title='bbox 1160 4314 1346 4371; x_wconf 85' lang='lat' dir='ltr'>liefert</span> <span class='ocrx_word' id='word_1_528' title='bbox 1455 4314 1656 4368; x_wconf 85' lang='lat' dir='ltr'>Ritter-</span> <span class='ocrx_word' id='word_1_529' title='bbox 1695 4314 1829 4367; x_wconf 86' lang='lat' dir='ltr'>oder</span> <span class='ocrx_word' id='word_1_530' title='bbox 1859 4311 2379 4369; x_wconf 86' lang='lat' dir='ltr'>Senatorenstande.</span> <span class='ocrx_word' id='word_1_531' title='bbox 2437 4314 2565 4368; x_wconf 90' lang='lat' dir='ltr'>Ihre</span> 
     </span>
     <span class='ocr_line' id='line_1_52' title="bbox 235 4335 2565 4457; baseline -0 -18"><span class='ocrx_word' id='word_1_532' title='bbox 235 4391 338 4433; x_wconf 73' lang='lat' dir='ltr'>mu‘</span> <span class='ocrx_word' id='word_1_533' title='bbox 384 4402 488 4441; x_wconf 86' lang='lat' dir='ltr'>nur</span> <span class='ocrx_word' id='word_1_534' title='bbox 533 4335 618 4443; x_wconf 53' lang='lat' dir='ltr'>affe</span> <span class='ocrx_word' id='word_1_535' title='bbox 665 4387 814 4443; x_wconf 84' lang='lat' dir='ltr'>Stoff</span> <span class='ocrx_word' id='word_1_536' title='bbox 862 4388 1026 4443; x_wconf 88' lang='lat' dir='ltr'>einen</span> <span class='ocrx_word' id='word_1_537' title='bbox 1082 4386 1342 4457; x_wconf 81' lang='lat' dir='ltr'>ereignis-</span> <span class='ocrx_word' id='word_1_538' title='bbox 1450 4384 1813 4441; x_wconf 67' lang='lat' dir='ltr'>militarische</span> <span class='ocrx_word' id='word_1_539' title='bbox 1841 4382 2133 4440; x_wconf 83' lang='lat' dir='ltr'>Laufbahn</span> <span class='ocrx_word' id='word_1_540' title='bbox 2161 4383 2454 4454; x_wconf 81' lang='lat' dir='ltr'>begannen</span> <span class='ocrx_word' id='word_1_541' title='bbox 2484 4383 2565 4439; x_wconf 86' lang='lat' dir='ltr'>sie</span> 
     </span>
    </p>
   </div>
   <div class='ocr_carea' id='block_1_7' title="bbox 2002 4541 2019 4572">
    <p class='ocr_par' dir='ltr' id='par_1_10' title="bbox 2002 4541 2019 4572">
     <span class='ocr_line' id='line_1_53' title="bbox 2002 4541 2019 4572; baseline 0 0"><span class='ocrx_word' id='word_1_542' title='bbox 2002 4541 2019 4572; x_wconf 64' lang='grc' dir='ltr'>ἱ</span> 
     </span>
    </p>
   </div>
  </div>
 </body>
</html>
