3000 4917
511 227 642 291 240
1283 226 1417 281 LIB.
1455 226 1552 280 IV.
1617 226 1841 281 EPIST.
1877 233 1963 281 20.
2001 233 2087 282 21.

509 391 838 472 voluisset,
884 393 998 454 aut
1043 411 1421 474 oppressum
1461 391 1593 453 iam
1630 390 1872 454 bellum
1910 393 2082 454 esset
2117 393 2231 453 aut
2265 390 2336 454 in
2371 392 2849 455 aversissimam

508 480 638 543 illis
668 478 1055 563 Hispaniam
1086 501 1232 543 cum
1260 478 1647 543 detrimento
1677 500 1899 542 eorum
1936 479 2217 543 maximo
2257 483 2610 546 extrusum.
2671 478 2849 554 Quae

509 589 691 632 mens
734 591 899 653 eum,
946 571 1061 632 aut
1098 590 1370 652 quorum
1409 568 1682 631 consilia
1719 590 1759 631 a
1794 571 1983 631 tanta
2019 568 2250 651 gloria,
2297 569 2424 632 sibi
2462 590 2613 632 vero
2653 570 2849 634 etiam

507 659 870 722 necessaria
916 679 991 721 ac
1037 657 1329 740 salutari,
1363 658 1698 721 avocarint
1743 660 1810 719 et
1855 656 1936 720 ad
1974 657 2435 740 cogitationem
2473 658 2849 722 consulatus

509 746 838 810 bimestris
896 767 1148 810 summo
1205 767 1349 810 cum
1405 752 1652 809 terrore
1695 744 2034 809 hominum
2080 748 2148 809 et
2192 746 2439 810 insulsa
2483 769 2631 811 cum
2678 746 2849 811 effia-

451 836 486 898 7
511 835 825 920 gitatione
868 835 1342 916 transtulerint,
1386 838 1693 916 exputare
1739 856 1869 898 non
1914 856 2199 918 possum.
2290 834 2570 899 Multum
2615 836 2688 899 in
2734 835 2849 900 hac

509 945 580 986 re
624 922 787 987 mihi
833 923 1131 987 videntur
1174 922 1523 987 necessarii
1567 924 1705 985 eius
1747 928 1812 985 et
1845 924 1943 987 rei
1978 923 2276 1006 publicae
2314 927 2380 986 et
2412 924 2616 1007 ipsius
2656 946 2852 988 causa

510 1013 820 1096 proficere
854 1034 1076 1095 posse3
1122 1011 1492 1094 plurimum,
1538 1014 1613 1074 ut
1647 1015 1827 1095 pute,
1872 1017 1947 1074 tu
1984 1033 2257 1096 quoque,
2303 1013 2483 1092 cuius
2520 1013 2630 1075 ille
2669 1017 2851 1077 tanta

509 1102 738 1164 merita
780 1099 1008 1184 habet,
1062 1105 1305 1184 quanta
1357 1121 1551 1164 nemo
1602 1105 1861 1184 praeter
1904 1122 2037 1183 me3
2092 1123 2424 1184 nunquam
2469 1101 2645 1164 enim
2694 1102 2853 1166 obli-

509 1189 720 1253 viscar
773 1190 1056 1253 maxima
1111 1211 1185 1253 ac
1239 1189 1522 1272 plurima
1579 1210 1683 1252 me
1727 1188 1851 1252 tibi
1899 1190 2146 1255 debere.
2237 1189 2334 1253 De
2380 1189 2483 1252 his
2528 1191 2728 1254 rebus
2781 1195 2851 1253 ut

511 1278 797 1361 exigeret
851 1299 995 1341 cum
1053 1300 1156 1360 e0‚
1211 1277 1451 1341 Furnio
1508 1277 1837 1341 mandavi:
1892 1279 2064 1361 quod
2121 1278 2203 1356 si,
2259 1282 2569 1363 quantam
2632 1279 2851 1361 debeo,

454 1366 493 1430 8
515 1366 800 1430 habuero
848 1366 1020 1449 apud
1058 1388 1204 1430 eum
1243 1365 1716 1449 auctoritatem,
1761 1367 2113 1450 plurimum
2150 1368 2362 1450 ipsum
2398 1368 2638 1432 iuver0.
2716 1368 2847 1433 Nos

512 1455 759 1519 interea
829 1455 1085 1519 duriore
1160 1454 1538 1519 condicione
1608 1455 1852 1519 bellum
1916 1457 2334 1539 sustinemus,
2408 1456 2579 1541 quod
2644 1478 2849 1541 neque

510 1544 1058 1626 expeditissimam
1088 1544 1574 1608 dimicationem
1602 1546 1905 1626 putamus
1950 1566 2159 1628 neque
2202 1549 2423 1609 tamen
2471 1545 2846 1630 refugiendo

508 1633 917 1697 commissuri
965 1654 1205 1716 sumus,
1249 1636 1325 1696 ut
1370 1634 1579 1697 maius
1627 1633 2086 1697 detrimentum
2129 1655 2231 1697 res
2267 1633 2524 1716 publica
2563 1634 2848 1718 accipere

505 1722 732 1804 possit.
798 1719 982 1796 Quod
1014 1722 1072 1786 si
1108 1725 1222 1785 aut
1258 1718 1499 1785 Caesar
1538 1744 1606 1785 se
1642 1723 1996 1804 respexerit
2033 1728 2147 1785 aut
2176 1722 2517 1786 Africanae
2557 1723 2843 1807 legiones

507 1810 801 1874 celeriter
845 1811 1157 1893 venerint,
1203 1831 1460 1875 securos
1508 1830 1624 1875 vos
1672 1810 1754 1873 ab
1799 1809 1924 1875 hac
1960 1815 2146 1894 parte
2182 1810 2533 1876 reddemus,
2611 1812 2736 1897 Tu,
2780 1819 2847 1876 ut

508 1899 887 1982 instituisti,
933 1920 1035 1964 me
1081 1899 1311 1983 diligas
1358 1919 1521 1984 rogo
1567 1898 1956 1982 proprieque
2002 1904 2183 1963 tuum
2232 1922 2370 1965 esse
2417 1900 2540 1964 tibi
2586 1922 2844 1985 persua·

507 1988 675 2053 deas.
767 2006 831 2052 v.
879 1986 1020 2051 Kal.
1068 1985 1241 2052 Sext.
1287 2009 1365 2051 ex
1411 1989 1662 2052 castris.

1326 2342 1398 2418 Q.
1448 2338 2022 2407 CORNIFICIUS.

685 2488 750 2558 Q.
783 2487 1131 2549 Cornificius
1169 2494 1449 2548 stammte
1487 2508 1597 2547 aus
1636 2490 1830 2548 einem
1865 2490 2269 2564 plebejischen
2298 2488 2696 2550 Geschlechte
2738 2511 2842 2550 von

509 2578 765 2636 dunkler
810 2578 1129 2636 Herkunft.
1204 2579 1510 2637 Nachdem
1555 2596 1621 2636 er
1664 2579 1747 2636 im
1789 2578 2230 2653 Bfirgerkriege
2275 2580 2375 2636 fiir
2411 2576 2596 2637 Oasar
2642 2582 2841 2655 gliick-

509 2667 629 2725 lich
685 2666 1019 2744 gekampft,
1075 2667 1278 2726 wurde
1330 2668 1456 2724 ihm
1510 2667 1595 2724 im
1640 2667 1697 2724 J.
1745 2669 1831 2724 44
1886 2667 1982 2725 die
2028 2667 2151 2725 alte
2196 2666 2447 2725 Provinz
2492 2667 2715 2727 Afrika
2759 2669 2839 2728 als

503 2756 560 2812 N
565 2757 872 2832 achfolger
909 2756 1012 2815 des
1056 2755 1117 2814 O.
1149 2754 1444 2814 Calvisius
1481 2774 1620 2815 vom
1658 2754 1877 2814 Senate
1914 2776 2019 2813 zur
2058 2755 2449 2831 Verwaltung
2484 2758 2841 2833 iibergeben.

503 2844 626 2902 Das
681 2845 974 2903 romische
1025 2844 1242 2903 Afrika
1295 2844 1491 2903 zerfiel
1546 2845 1808 2903 namlich
1853 2846 1915 2901 in
1961 2845 2104 2903 zwei
2150 2844 2504 2904 Provinzen:
2562 2845 2659 2905 die
2709 2849 2839 2921 alte,

503 2933 727 2992 welche
774 2934 878 2992 das
926 2935 1262 3010 ehemalige
1309 2932 1528 2992 Gebiet
1572 2952 1690 2992 von
1729 2931 2049 3011 CarthagO,
2095 2935 2217 2991 und
2263 2933 2357 2991 die
2403 2953 2575 3011 neue,
2624 2936 2840 2994 welche

1721 3120 1888 3186 auch,
1948 3117 2222 3175 Octavian
2277 3119 2464 3174 werde
2521 3136 2582 3174 so
2630 3119 2837 3175 schnell

1723 3190 1913 3244 seinen
1962 3192 2163 3244 Zweck
2208 3190 2365 3245 nicht
2410 3192 2717 3245 erreichen.
2773 3223 2835 3230 —

1721 3263 1937 3315 insulsa
1966 3277 2009 3316 c.
2035 3262 2170 3332 esth]
2205 3261 2479 3316 Octavian
2507 3263 2703 3316 ri’ickte
2731 3263 2839 3315 mit

1722 3332 1911 3386 seinen
1948 3331 2232 3400 Legionen
2270 3351 2368 3387 vor
2405 3335 2497 3387 die
2535 3333 2712 3387 Stadt.

1797 3410 1842 3457 7.
1908 3409 2068 3458 tanta
2129 3405 2348 3474 merita]
2424 3402 2612 3459 Cicero
2675 3405 2834 3458 hatte

1723 3473 1950 3540 immer,
2021 3474 2320 3529 besonders
2392 3476 2451 3528 in
2525 3476 2637 3530 den
2697 3476 2832 3545 phil.

1723 3546 1938 3614 Reden‚
1989 3546 2080 3600 die
2124 3545 2436 3600 Interessen
2484 3547 2582 3600 des
2621 3547 2831 3616 jungen

1720 3615 1950 3672 Mannes
1996 3617 2292 3672 vertreten.
2367 3618 2504 3670 Zum
2541 3617 2832 3671 Ausdruck

1720 3689 1834 3756 vgl.
1872 3689 1966 3741 IV.
2006 3694 2089 3742 25.
2129 3694 2187 3742 2:
2234 3691 2372 3743 satis
2406 3690 2600 3743 habere
2636 3706 2748 3743 rem
2773 3706 2830 3759 1).

506 3118 646 3184 (hier
699 3120 836 3173 iiber
884 3118 1180 3188 Octavian)
1228 3120 1492 3175 schreibe.
1543 3151 1611 3160 -

504 3188 643 3259 illis]
680 3189 953 3244 Antonius
999 3192 1112 3244 und
1160 3192 1351 3245 seinen
1388 3192 1612 3244 Anhan-

503 3277 654 3330 gern.
720 3262 784 3314 In
828 3260 864 3314 S
906 3262 1068 3314 anien
1116 3262 1276 3315 hatte
1323 3262 1414 3316 die
1453 3262 1613 3315 Pom·

500 3331 821 3401 pejanische
886 3332 1032 3387 artei
1051 3349 1141 3386 am
1160 3333 1425 3401 l’angsten
1445 3331 1616 3386 C‘asar

500 3402 912 3458 widerstauden
948 3403 1062 3458 und
1100 3404 1244 3457 auch
1276 3403 1421 3472 jetzt
1455 3404 1613 3457 hatte

502 3473 593 3528 die
664 3473 1156 3544 republikanische
1210 3474 1415 3528 'Partei
1488 3476 1616 3529 dort

502 3544 725 3615 grossen
774 3546 1028 3614 Anhang.
1112 3547 1284 3600 Hatte
1339 3543 1614 3600 Octavian

500 3615 607 3670 mit
651 3617 714 3670 D.
754 3616 957 3669 Brutus
1015 3617 1122 3670 den
1168 3617 1445 3671 Antonius
1492 3635 1613 3671 ver-

500 3688 662 3756 folgt,
692 3704 752 3741 so
781 3688 939 3741 h’atte
966 3704 1098 3741 man
1118 3688 1225 3742 den
1246 3689 1417 3743 Feind
1438 3687 1613 3742 leicht-

499 3759 645 3813 nach
683 3759 927 3827 Spanien
972 3759 1190 3813 treiben
1226 3758 1473 3824 konnen,
1524 3776 1610 3813 wo

502 3847 562 3883 er
594 3830 852 3884 verloren
878 3847 1131 3898 gewesen
1162 3838 1321 3886 w‘are.
1357 3862 1420 3871 -·
1451 3832 1611 3885 bime·

499 3902 652 3969 sbrie]
700 3900 835 3968 „auf
878 3902 970 3956 ein
1005 3918 1146 3970 paar
1183 3903 1460 3957 Monate“.
1535 3901 1611 3956 Es

501 3989 688 4026 waren
751 3973 1056 4042 allerdings
1120 3975 1277 4027 mehr
1331 3976 1415 4027 als
1470 3974 1610 4027 zwei

501 4043 726 4099 Monate
763 4061 891 4098 vom
919 4045 1090 4098 Jahre
1125 4046 1269 4099 noch
1306 4046 1486 4114 fibrig‚
1526 4044 1615 4097 fiir

502 4115 713 4169 welche
759 4114 1029 4169 Octavian
1081 4117 1227 4169 nach
1284 4116 1409 4169 dem
1457 4116 1613 4170 Tode

503 4184 602 4236 der
657 4186 814 4239 Koss.
872 4188 971 4239 clas
1024 4187 1302 4240 Konsulat
1355 4187 1612 4241 erhalten

501 4254 693 4307 wollte
755 4255 868 4307 und
922 4256 1000 4309 im
1056 4257 1276 4326 August
1330 4260 1610 4328 erlangte3

502 4322 635 4374 aber
673 4324 904 4378 Plancus
943 4327 1131 4382 wollte
1171 4328 1262 4383 die
1294 4329 1474 4384 Kfirze
1514 4328 1614 4383 der

505 4389 628 4442 Zeit
643 4393 799 4445 mehr
817 4395 1214 4467 hervorheben,
1235 4400 1369 4453 oder
1376 4400 1610 4467 glaubte

1720 3778 1757 3812 a
1782 3761 1947 3815 vobis,
1979 3789 2044 3798 —
2074 3760 2329 3830 exiyeret]
2361 3761 2571 3830 exiqere
2591 3786 2661 3805 =
2682 3777 2834 3831 ωροτε

1718 3831 1892 3886 findet
1937 3831 2057 3884 sich
2102 3831 2207 3883 wie
2254 3837 2518 3901 exputare
2561 3833 2614 3900 (ἕ
2655 3835 2709 3898 6)
2750 3830 2835 3885 bei

1720 3898 1909 4025 (licei-(I)
1952 3902 2122 3957 nicht.
2162 3932 2229 3941 —
2266 3904 2505 3958 habuero
2535 3944 2546 3955 .
2572 3944 2590 3956 .
2622 3902 2830 3972 iuvero]

1719 3991 1760 4025 s.
1800 3991 1843 4025 z.
1911 4014 1923 4027 .
1961 3979 2047 4029 24.
2086 3979 2134 4028 2.

1791 4048 1839 4097 8.
1895 4045 2090 4099 bellum
2151 4043 2501 4114 sustinemus]
2568 4044 2715 4099 ohne
2770 4061 2834 4096 zu

1719 4114 1984 4184 kampfen
2047 4116 2162 4168 und
2228 4115 2371 4169 ohne
2432 4133 2499 4168 zu
2556 4114 2833 4180 weichen3

1719 4187 1832 4255 vgl.
1864 4188 2009 4241 oben
2045 4192 2075 4251 g
2113 4193 2162 4241 3.
2195 4216 2262 4225 —
2289 4202 2343 4240 se
2377 4186 2702 4257 respexerit]
2741 4185 2840 4239 aus

1720 4257 1841 4311 sich
1870 4257 2180 4311 Rficksicht
2206 4256 2422 4322 nimmt,
2461 4254 2656 4311 seinen
2688 4257 2833 4311 wah-

1718 4345 1818 4382 ren
1852 4327 2071 4383 Vorteil
2108 4328 2359 4382 erkennt.
