3000 4917
406 240 536 304 236
1166 237 1301 292 LIB.
1340 236 1435 291 IV.
1499 234 1720 290 EPIST.
1763 241 1986 289 17-19.

404 406 641 468 lectam
706 401 1103 466 inanissimis
1175 400 1539 485 splendoris
1605 397 1998 483 insignibus,
2071 400 2441 480 contemne3
2515 396 2766 480 brevia,

405 491 684 577 fugacia,
729 490 973 555 caduca
1019 490 1336 554 existima.
1408 487 1654 553 Verum
1702 487 1894 551 decus
1931 487 1999 549 in
2037 487 2274 550 virtute
2310 487 2601 569 positum
2639 490 2766 568 est,

409 602 573 666 quae
621 581 903 644 maxime
939 578 1305 643 illustratur
1342 577 1599 660 magnis
1635 575 1706 639 in
1742 597 1879 638 rem
1915 574 2246 658 publicam
2283 574 2565 638 meritis:
2613 597 2767 639 eam

409 669 785 733 facultatem
848 667 1053 732 habes
1118 667 1497 748 maximam3
1579 686 1774 749 quam
1847 663 2154 746 quoniam
2226 665 2605 746 complexus
2670 685 2768 742 ee,

408 763 584 822 tene:
631 757 884 841 perfice,
929 761 1004 820 ut
1049 778 1133 819 ne
1177 757 1393 819 minus
1439 776 1545 818 res
1590 752 1855 838 publica
1898 752 2024 816 tibi
2071 774 2265 835 quam
2307 756 2382 816 tu
2417 753 2515 816 rei
2548 753 2769 837 publi-

411 868 521 911 cae
568 847 822 910 debeas.
893 845 1001 909 Me
1047 848 1194 908 tuae
1241 843 1587 929 dignitatis
1625 863 1755 906 non
1794 841 1985 905 modo
2023 841 2361 925 fautorem,
2407 842 2520 905 sed
2558 843 2768 905 etiam

413 936 946 1019 amplificatorem
991 954 1372 1018 cognosces:
1417 932 1485 996 id
1533 953 1676 995 cum
1723 931 1819 993 rei
1864 929 2179 1013 publicae,
2224 951 2391 1013 quae
2423 930 2589 994 mihi
2626 930 2771 994 vita

411 1030 511 1088 est
564 1046 707 1087 mea
761 1024 998 1105 carior,
1060 1026 1199 1086 tum
1256 1025 1517 1085 nostrae
1571 1018 2031 1083 necessitudini
2087 1019 2315 1082 debere
2359 1040 2464 1083 me
2522 1017 2769 1084 iudico.

411 1112 627 1197 Atque
683 1112 748 1174 in
804 1112 908 1175 his
964 1112 1134 1176 curis
1144 1161 1162 1193 ,
1231 1132 1391 1194 quas
1444 1109 1691 1174 contuli
1747 1107 1829 1172 ad
1890 1106 2279 1192 dignitatem
2341 1112 2556 1191 tuam,
2620 1107 2769 1191 cepi

412 1222 715 1286 magnam
780 1202 1212 1284 voluptatem,
1277 1199 1444 1283 quod
1507 1199 1669 1262 bene
1738 1196 2070 1282 cognitam
2134 1195 2295 1259 mihi
2354 1196 2429 1260 T.
2484 1196 2770 1260 Munatii

414 1289 816 1372 prudentiam
875 1293 942 1353 et
995 1288 1187 1352 fidem
1244 1288 1453 1369 magis
1513 1286 1711 1352 etiam
1755 1286 2054 1369 perspexi
2100 1285 2167 1349 in
2214 1286 2351 1349 eius
2396 1285 2770 1349 incredibili

416 1399 568 1462 erga
616 1382 681 1441 te
728 1377 1180 1442 benevolentia
1227 1382 1292 1440 et
1339 1376 1696 1461 diligentia.
1787 1392 1885 1438 111.
1932 1373 2084 1438 Idus
2134 1375 2290 1458 Apr.

1265 1642 1618 1706 EPISTULA
1663 1639 1907 1706 XVIII.

1338 1764 1444 1832 (Ad
1483 1764 1614 1819 fam.
1655 1763 1720 1818 x.
1759 1765 1832 1829 9.)

1140 1887 1470 1943 PLANcUs
1508 1859 1850 1942 c'icERom
1886 1885 2036 1940 sAL.

358 2018 393 2080 1
593 2013 781 2077 Nihil
816 2036 918 2077 me
956 2014 1079 2077 tibi
1115 2018 1356 2078 temere
1395 2018 1510 2077 aut
1544 2019 1609 2077 te
1649 2015 1877 2078 ceteris
1915 2013 1992 2076 de
2032 2034 2134 2077 me
2168 2012 2414 2077 frustra
2441 2014 2766 2097 recepisse

416 2104 650 2167 laetor:
708 2106 880 2167 certe
935 2103 1057 2165 hoc
1113 2104 1321 2166 maius
1375 2102 1580 2166 habes
1636 2102 2082 2166 testimonium
2132 2101 2373 2165 amoris
2419 2101 2577 2180 mei,
2635 2124 2768 2186 quo

418 2191 732 2255 maturius
788 2190 912 2254 tibi
966 2212 1159 2273 quam
1216 2192 1444 2255 ceteris
1497 2192 1771 2255 consilia
1817 2193 1959 2254 mea
2006 2190 2186 2255 volui
2233 2211 2373 2254 esse
2417 2193 2597 2255 nota.
2688 2190 2769 2255 In

419 2280 556 2344 dies
619 2300 771 2343 vero
834 2278 1212 2344 meritorum
1278 2278 1570 2344 meorum
1634 2280 1775 2343 fieri
1841 2280 2241 2344 accessiones
2305 2279 2639 2363 pervidere
2698 2284 2770 2342 te

357 2375 637 2451 2sper0,
695 2369 1105 2452 cogniturum
1160 2371 1371 2453 magis
1425 2370 1687 2451 recipio,
1787 2368 1969 2444 Quod
2033 2368 2112 2432 ad
2176 2390 2282 2431 me
2347 2368 2610 2448 attinet,
2674 2369 2767 2431 mi

419 2457 642 2522 Cicero
685 2493 766 2502 —
803 2456 900 2521 ita
938 2458 1020 2521 ab
1058 2458 1546 2521 imminentibus
1584 2457 1774 2521 malis
1810 2479 1913 2521 res
1960 2457 2218 2539 publica
2262 2478 2365 2520 me
2413 2457 2765 2521 adiuvante

416 2547 756 2610 liberetur!
821 2582 909 2591 —
975 2546 1069 2610 sic
1132 2546 1412 2611 honores
1477 2547 1892 2630 praemiaque
1956 2550 2177 2610 vestra
2236 2545 2544 2627 suspicio,
2615 2568 2765 2610 con-

417 2635 679 2698 ferenda
743 2639 916 2698 certe
980 2656 1123 2698 cum
1188 2635 1707 2715 immortalitate,
1769 2640 1846 2698 ut
1905 2636 2042 2698 sine
2098 2634 2199 2697 his
2253 2634 2418 2697 nihil
2476 2633 2557 2696 de
2618 2656 2766 2698 meo

421 2724 635 2788 studio
692 2724 1298 2807 perseverantiaque
1355 2724 1477 2787 sim
1542 2724 1954 2788 remissurus:
2022 2724 2150 2786 nisi
2212 2723 2281 2785 in
2345 2722 2763 2787 multitudine

422 2814 814 2895 optimorum
853 2812 1085 2875 civium
1125 2813 1402 2896 impetus
1443 2813 1641 2877 animi
1677 2813 1805 2876 mei
1840 2811 2038 2876 fuerit
2073 2811 2420 2896 singularis
2458 2815 2524 2875 et
2570 2834 2770 2895 opera

420 2901 793 2983 praecipua,
852 2901 1014 2965 nihil
1071 2902 1152 2965 ad
1210 2923 1421 2965 meam
1478 2901 1863 2986 dignitatem
1911 2902 2210 2964 accedere
2254 2900 2403 2964 volo
2452 2901 2767 2985 suffraga-

423 3125 933 3180 Ehrenbeschh’isee
989 3129 1086 3182 des
1135 3129 1392 3195 Senates,
1451 3129 1542 3182 die
1651 3160 1718 3169 —
1755 3129 1877 3197 hoc]
1928 3128 2043 3182 ‘um
2088 3128 2191 3181 so’.
2230 3158 2297 3167 —-
2332 3129 2651 3182 meritorum
2696 3147 2762 3183 m.

427 3198 567 3252 eben
605 3197 749 3250 auch
788 3215 877 3250 am
917 3198 1154 3252 zweiten
1192 3201 1347 3268 Tage
1385 3199 1545 3253 nicht
1650 3200 1869 3270 acce-ss]
1889 3199 2003 3267 vgl.
2027 3197 2249 3253 Ciceros
2268 3200 2465 3252 Worte
2488 3198 2579 3255 Br.
2604 3204 2764 3253 14.1:

426 3268 696 3323 zustande
756 3267 1109 3336 gekommen.
1165 3301 1232 3309 -
1298 3272 1543 3325 illustra-

1650 3273 1701 3325 is
1734 3272 1904 3325 honos
1937 3272 2075 3324 mihi
2110 3272 2289 3325 videri
2322 3272 2471 3336 solet,
2507 3272 2607 3339 qui
2635 3287 2765 3338 pro-

429 3341 548 3412 ταν]
566 3341 850 3395 illustrare
876 3340 937 3394 in
955 3340 1150 3409 helles,
1181 3341 1359 3395 volles
1379 3341 1547 3396 Licht
1642 3347 1771 3412 pter
1804 3359 1874 3395 m.
1901 3343 2142 3396 merita
2177 3348 2271 3395 etc.
2333 3340 2530 3394 Worin
2568 3341 2660 3395 die
2694 3358 2766 3396 m.

426 3419 640 3476 setzen;
680 3413 793 3480 vgl.
831 3412 1070 3465 illustris
1107 3432 1149 3465 z.
1191 3413 1232 3466 Ι.
1274 3418 1355 3466 18.
1394 3419 1443 3466 9.
1475 3443 1545 3453 -
1651 3431 1777 3468 mer.
1815 3429 1926 3466 acc.
1963 3415 2111 3466 nach
2148 3413 2333 3466 seiner
2367 3411 2637 3482 Meinung
2672 3413 2769 3465 be·

426 3501 541 3538 eam
577 3481 921 3553 facultatem]
960 3508 1028 3527 =
1066 3484 1184 3536 eius
1230 3483 1311 3536 rei
1348 3481 1543 3537 facult.

426 3586 492 3595 -
529 3560 594 3607 ut
628 3571 698 3607 ne
736 3595 747 3606 .
788 3596 799 3607 .
838 3554 1052 3623 debeas]
1090 3553 1203 3618 vgl.
1238 3572 1280 3608 z.
1311 3553 1378 3609 ΙΙ.
1411 3561 1456 3609 6.
1489 3559 1539 3607 3.

495 3624 671 3678 Emer.
701 3623 898 3676 XVIII.
930 3625 1074 3693 (711.
1100 3626 1212 3692 43.)
1249 3625 1362 3678 Der
1389 3624 1549 3680 Brief

424 3697 503 3750 ist
520 3696 578 3749 in
601 3694 786 3749 Gallia
803 3695 1181 3749 Narbonensis
1201 3694 1358 3750 Ende
1379 3696 1543 3766 April

424 3768 789 3839 geschrieben
836 3767 951 3820 und
997 3766 1218 3820 enth'alt
1265 3769 1357 3821 die
1403 3770 1541 3821 Ant-

426 3842 568 3894 wort
605 3838 706 3891 auf
735 3837 826 3891 Br.
870 3845 952 3905 14,
1006 3837 1064 3891 in
1102 3839 1344 3892 welcher
1376 3838 1541 3893 Plan·

426 3928 523 3964 cus
561 3908 683 3964 sich
719 3925 900 3978 gegen
938 3909 1045 3963 den
1071 3909 1336 3964 Vorwurf
1359 3910 1541 3963 recht-

426 3980 648 4050 fertigt‚
704 3979 825 4034 dass
881 3999 942 4035 er
995 3999 1063 4034 zu
1116 3981 1299 4049 grosse
1354 3982 1543 4035 Ehren

428 4070 527 4108 vor
555 4055 655 4106 der
673 4052 794 4104 Zeit
822 4053 1100 4119 erwartet‚
1129 4050 1387 4121 zugleich
1407 4052 1546 4107 aber

429 4123 576 4178 doch
640 4121 760 4176 sein
819 4122 1055 4177 Streben
1114 4126 1257 4177 nach
1313 4125 1543 4178 solchen

427 4196 629 4248 verrat.

505 4270 552 4316 1.
589 4263 753 4316 Nilia
790 4293 856 4303 —-
894 4266 1152 4332 recepisse
1192 4266 1387 4337 laetor]
1437 4266 1545 4320 mit

432 4333 621 4397 Bezug
658 4333 762 4411 auf
792 4334 899 4386 den
930 4335 984 4402 (ς
1014 4342 1046 4387 3
1075 4336 1419 4404 erwahnten)
1449 4355 1544 4406 ge·

435 4418 543 4468 gen
589 4400 810 4453 Mutina
860 4407 1257 4470 angetretenen
1304 4406 1543 4462 Marseh.

1653 3483 1917 3551 standen,
1954 3487 2081 3553 sagt
2126 3489 2156 3548 ᾖ
2195 3490 2254 3537 3:
2299 3483 2626 3537 Exercitum
2670 3489 2765 3537 etc.

1647 3587 1719 3596 ——
1763 3557 1885 3622 fieri
1930 3557 2252 3609 accessiones
2321 3553 2588 3608 Derselbe
2624 3555 2765 3608 Aus-

1650 3628 1825 3680 druek
1860 3626 1953 3679 bei
1990 3626 2182 3680 Cicero
2329 3631 2412 3679 19.
2441 3631 2491 3679 2.
2523 3655 2590 3665 -—
2616 3642 2767 3693 perv.

1649 3703 1699 3752 te
1723 3698 1904 3767 spero]
1934 3698 2026 3750 ich
2057 3696 2223 3764 hoffe‚
2252 3695 2374 3749 dass
2402 3696 2478 3748 du
2501 3712 2561 3750 es
2581 3699 2608 3765 j
2625 3698 2769 3750 etzt

1652 3769 1844 3834 eichst,
1873 3769 2030 3836 (und)
2050 3769 2143 3822 ich
2174 3766 2499 3835 verspreche
2521 3768 2770 3836 (recipio,

1648 3841 1795 3894 s.lV.
1808 3846 1891 3894 16.
1908 3842 1978 3907 1),
1998 3838 2119 3892 dats
2140 3838 2216 3891 du
2233 3840 2293 3892 in
2306 3838 2553 3892 Zukunft
2568 3857 2622 3893 u.
2638 3858 2679 3893 e.
2697 3856 2766 3891 W.

1721 3916 1752 3964 2
1807 3913 1892 3964 ita
1930 3951 1941 3963 .
1984 3952 1996 3964 .
2036 3911 2313 3979 liberetur]
2358 3927 2421 3964 so
2458 3909 2616 3963 wahr
2651 3908 2767 3976 (ich

1652 3982 1931 4045 wfinsche‚
1947 3980 2091 4050 dass)
2110 3979 2316 4035 befreit
2333 3981 2554 4034 werden
2574 3987 2766 4049 moge3

1651 4053 1764 4121 vgl.
1813 4072 1858 4108 z.
1904 4052 1946 4106 Ι.
1994 4058 2080 4106 23.
2128 4059 2177 4105 1.
2231 4083 2300 4093 —-
2354 4051 2621 4121 auspic-w]
2670 4050 2767 4104 ich

1652 4124 1857 4177 erhebe
1894 4122 2115 4177 meinen
2154 4123 2316 4177 Blick
2352 4139 2417 4176 zu
2454 4153 2540 4191 —‚
2576 4121 2766 4176 blicka

1650 4195 1757 4248 mit
1792 4194 2120 4264 Verehrung
2155 4194 2257 4248 auf
2297 4212 2364 4246 zu
2403 4224 2485 4248 —.
2562 4194 2642 4247 Zu
2682 4195 2763 4276 sic

1655 4296 1719 4305 -—
1767 4272 1830 4321 ut
1872 4267 1986 4334 vgl.
2024 4265 2065 4320 L
2103 4272 2190 4319 24.
2227 4273 2260 4319 3
2297 4267 2380 4319 ita
2424 4270 2502 4317 ut.
2541 4295 2609 4304 —
2646 4280 2766 4318 sme

1649 4337 1955 4462 &ggdgssch
1999 4353 2158 4392 wenn
2198 4338 2277 4391 sie
2312 4335 2474 4390 nicht
2508 4336 2762 4406 gegeben
