<?xml version="1.0" encoding="UTF-8"?>
<!DOCTYPE html PUBLIC "-//W3C//DTD XHTML 1.0 Transitional//EN"
    "http://www.w3.org/TR/xhtml1/DTD/xhtml1-transitional.dtd">
<html xmlns="http://www.w3.org/1999/xhtml" xml:lang="en" lang="en">
 <head>
  <title>
</title>
<meta http-equiv="Content-Type" content="text/html;charset=utf-8" />
  <meta name='ocr-system' content='tesseract 3.04.00' />
  <meta name='ocr-capabilities' content='ocr_page ocr_carea ocr_par ocr_line ocrx_word'/>
</head>
<body>
  <div class='ocr_page' id='page_1' title='image "ausgewhltebrief02freygoog_0156.png"; bbox 0 0 3000 4917; ppageno 0'>
   <div class='ocr_carea' id='block_1_1' title="bbox 512 216 2009 285">
    <p class='ocr_par' dir='ltr' id='par_1_1' title="bbox 512 216 2009 285">
     <span class='ocr_line' id='line_1_1' title="bbox 512 216 2009 285; baseline -0.006 0"><span class='ocrx_word' id='word_1_1' title='bbox 512 220 641 285; x_wconf 84' lang='grc'>142</span> <span class='ocrx_word' id='word_1_2' title='bbox 1364 218 1497 273; x_wconf 90' lang='lat' dir='ltr'><strong>LIB.</strong></span> <span class='ocrx_word' id='word_1_3' title='bbox 1535 218 1629 275; x_wconf 92' lang='lat' dir='ltr'><strong>III.</strong></span> <span class='ocrx_word' id='word_1_4' title='bbox 1693 216 1918 273; x_wconf 85' lang='lat' dir='ltr'><strong>EPIST.</strong></span> <span class='ocrx_word' id='word_1_5' title='bbox 1958 224 2009 276; x_wconf 80' lang='lat'>5.</span> 
     </span>
    </p>
   </div>
   <div class='ocr_carea' id='block_1_2' title="bbox 441 380 2833 2687">
    <p class='ocr_par' dir='ltr' id='par_1_2' title="bbox 510 380 2810 558">
     <span class='ocr_line' id='line_1_2' title="bbox 510 380 2809 467; baseline -0.001 -19"><span class='ocrx_word' id='word_1_6' title='bbox 510 388 584 448; x_wconf 85' lang='lat' dir='ltr'>ut</span> <span class='ocrx_word' id='word_1_7' title='bbox 628 384 1074 467; x_wconf 80' lang='lat' dir='ltr'>intellegerem</span> <span class='ocrx_word' id='word_1_8' title='bbox 1118 385 1182 445; x_wconf 86' lang='lat' dir='ltr'>te</span> <span class='ocrx_word' id='word_1_9' title='bbox 1231 403 1370 446; x_wconf 92' lang='lat' dir='ltr'>esse</span> <span class='ocrx_word' id='word_1_10' title='bbox 1417 385 1829 465; x_wconf 87' lang='lat' dir='ltr'>commotum,</span> <span class='ocrx_word' id='word_1_11' title='bbox 1876 384 1942 446; x_wconf 90' lang='lat' dir='ltr'>et</span> <span class='ocrx_word' id='word_1_12' title='bbox 1980 400 2100 465; x_wconf 84' lang='lat' dir='ltr'>ego</span> <span class='ocrx_word' id='word_1_13' title='bbox 2138 380 2260 445; x_wconf 86' lang='lat' dir='ltr'>tibi</span> <span class='ocrx_word' id='word_1_14' title='bbox 2297 385 2584 446; x_wconf 86' lang='lat' dir='ltr'>accurate</span> <span class='ocrx_word' id='word_1_15' title='bbox 2618 382 2809 446; x_wconf 85' lang='lat' dir='ltr'>rescri-</span> 
     </span>
     <span class='ocr_line' id='line_1_3' title="bbox 512 471 2810 558; baseline -0.001 -22"><span class='ocrx_word' id='word_1_16' title='bbox 512 494 786 558; x_wconf 83' lang='lat' dir='ltr'>pseram,</span> <span class='ocrx_word' id='word_1_17' title='bbox 824 476 897 536; x_wconf 87' lang='lat' dir='ltr'>ut</span> <span class='ocrx_word' id='word_1_18' title='bbox 924 492 1181 556; x_wconf 92' lang='lat' dir='ltr'>quoquo</span> <span class='ocrx_word' id='word_1_19' title='bbox 1212 471 1403 535; x_wconf 92' lang='lat' dir='ltr'>modo</span> <span class='ocrx_word' id='word_1_20' title='bbox 1432 471 1500 534; x_wconf 83' lang='lat' dir='ltr'>i’n</span> <span class='ocrx_word' id='word_1_21' title='bbox 1538 471 1658 534; x_wconf 87' lang='lat' dir='ltr'>tali</span> <span class='ocrx_word' id='word_1_22' title='bbox 1694 492 1762 534; x_wconf 89' lang='lat' dir='ltr'>re</span> <span class='ocrx_word' id='word_1_23' title='bbox 1800 473 1993 554; x_wconf 89' lang='lat' dir='ltr'>atque</span> <span class='ocrx_word' id='word_1_24' title='bbox 2030 473 2324 554; x_wconf 87' lang='lat' dir='ltr'>tempore</span> <span class='ocrx_word' id='word_1_25' title='bbox 2360 476 2471 534; x_wconf 85' lang='lat' dir='ltr'>aut</span> <span class='ocrx_word' id='word_1_26' title='bbox 2506 471 2810 535; x_wconf 88' lang='lat' dir='ltr'>liberarem</span> 
     </span>
    </p>

    <p class='ocr_par' dir='ltr' id='par_1_3' title="bbox 445 557 2833 1797">
     <span class='ocr_line' id='line_1_4' title="bbox 445 557 2812 644; baseline -0.002 -18"><span class='ocrx_word' id='word_1_27' title='bbox 445 565 487 629; x_wconf 80' lang='lat'><strong><em>2</em></strong></span> <span class='ocrx_word' id='word_1_28' title='bbox 509 569 575 625; x_wconf 81' lang='lat' dir='ltr'>te</span> <span class='ocrx_word' id='word_1_29' title='bbox 621 563 748 625; x_wconf 86' lang='lat' dir='ltr'>ista</span> <span class='ocrx_word' id='word_1_30' title='bbox 796 582 948 625; x_wconf 91' lang='lat' dir='ltr'>cura</span> <span class='ocrx_word' id='word_1_31' title='bbox 997 567 1107 624; x_wconf 85' lang='lat' dir='ltr'>aut</span> <span class='ocrx_word' id='word_1_32' title='bbox 1144 563 1313 624; x_wconf 88' lang='lat' dir='ltr'>certe</span> <span class='ocrx_word' id='word_1_33' title='bbox 1351 560 1652 623; x_wconf 86' lang='lat' dir='ltr'>levarem.</span> <span class='ocrx_word' id='word_1_34' title='bbox 1736 557 1858 623; x_wconf 86' lang='lat' dir='ltr'>Sed</span> <span class='ocrx_word' id='word_1_35' title='bbox 1898 560 2205 642; x_wconf 89' lang='lat' dir='ltr'>quoniam</span> <span class='ocrx_word' id='word_1_36' title='bbox 2240 559 2552 643; x_wconf 83' lang='lat' dir='ltr'>proximis</span> <span class='ocrx_word' id='word_1_37' title='bbox 2589 581 2812 644; x_wconf 90' lang='lat' dir='ltr'>quoque</span> 
     </span>
     <span class='ocr_line' id='line_1_5' title="bbox 506 647 2814 732; baseline -0.001 -18"><span class='ocrx_word' id='word_1_38' title='bbox 506 650 743 714; x_wconf 84' lang='lat' dir='ltr'>litteris</span> <span class='ocrx_word' id='word_1_39' title='bbox 793 649 1103 730; x_wconf 84' lang='lat' dir='ltr'>ostendis,</span> <span class='ocrx_word' id='word_1_40' title='bbox 1150 652 1430 732; x_wconf 86' lang='lat' dir='ltr'>quantae</span> <span class='ocrx_word' id='word_1_41' title='bbox 1476 648 1601 712; x_wconf 84' lang='lat' dir='ltr'>tibi</span> <span class='ocrx_word' id='word_1_42' title='bbox 1648 669 1834 711; x_wconf 89' lang='lat' dir='ltr'>curae</span> <span class='ocrx_word' id='word_1_43' title='bbox 1883 649 1972 711; x_wconf 86' lang='lat' dir='ltr'>sit</span> <span class='ocrx_word' id='word_1_44' title='bbox 2018 670 2095 711; x_wconf 95' lang='lat' dir='ltr'>ea</span> <span class='ocrx_word' id='word_1_45' title='bbox 2141 669 2271 731; x_wconf 78' lang='lat' dir='ltr'>reS‚</span> <span class='ocrx_word' id='word_1_46' title='bbox 2317 648 2438 732; x_wconf 85' lang='lat' dir='ltr'>sic,</span> <span class='ocrx_word' id='word_1_47' title='bbox 2494 649 2580 712; x_wconf 92' lang='lat' dir='ltr'>mi</span> <span class='ocrx_word' id='word_1_48' title='bbox 2623 647 2814 729; x_wconf 85' lang='lat' dir='ltr'>Paete,</span> 
     </span>
     <span class='ocr_line' id='line_1_6' title="bbox 505 732 2818 822; baseline -0.002 -19"><span class='ocrx_word' id='word_1_49' title='bbox 505 738 772 803; x_wconf 88' lang='lat' dir='ltr'>habeto:</span> <span class='ocrx_word' id='word_1_50' title='bbox 820 737 1129 822; x_wconf 90' lang='lat' dir='ltr'>quidquid</span> <span class='ocrx_word' id='word_1_51' title='bbox 1177 741 1314 801; x_wconf 86' lang='lat' dir='ltr'>arte</span> <span class='ocrx_word' id='word_1_52' title='bbox 1360 738 1499 800; x_wconf 92' lang='lat' dir='ltr'>fieri</span> <span class='ocrx_word' id='word_1_53' title='bbox 1548 737 1832 821; x_wconf 89' lang='lat' dir='ltr'>potuerit</span> <span class='ocrx_word' id='word_1_54' title='bbox 1865 732 1942 782; x_wconf 74' lang='grc'>-’-</span> <span class='ocrx_word' id='word_1_55' title='bbox 1974 758 2101 801; x_wconf 90' lang='lat' dir='ltr'>non</span> <span class='ocrx_word' id='word_1_56' title='bbox 2153 736 2326 800; x_wconf 90' lang='lat' dir='ltr'>enim</span> <span class='ocrx_word' id='word_1_57' title='bbox 2372 737 2505 800; x_wconf 89' lang='lat' dir='ltr'>iam</span> <span class='ocrx_word' id='word_1_58' title='bbox 2549 737 2697 800; x_wconf 84' lang='lat' dir='ltr'>satis</span> <span class='ocrx_word' id='word_1_59' title='bbox 2730 741 2818 799; x_wconf 85' lang='lat' dir='ltr'>est</span> 
     </span>
     <span class='ocr_line' id='line_1_7' title="bbox 507 825 2817 912; baseline -0.002 -21"><span class='ocrx_word' id='word_1_60' title='bbox 507 828 776 893; x_wconf 86' lang='lat' dir='ltr'>consilio</span> <span class='ocrx_word' id='word_1_61' title='bbox 814 848 1133 912; x_wconf 83' lang='lat' dir='ltr'>pugnare:</span> <span class='ocrx_word' id='word_1_62' title='bbox 1180 826 1527 890; x_wconf 88' lang='lat' dir='ltr'>artificium</span> <span class='ocrx_word' id='word_1_63' title='bbox 1565 825 1886 910; x_wconf 85' lang='lat' dir='ltr'><strong>quoddam</strong></span> <span class='ocrx_word' id='word_1_64' title='bbox 1925 825 2421 909; x_wconf 83' lang='lat' dir='ltr'>excogitandum</span> <span class='ocrx_word' id='word_1_65' title='bbox 2458 829 2559 890; x_wconf 87' lang='lat' dir='ltr'>est</span> <span class='ocrx_word' id='word_1_66' title='bbox 2588 861 2682 906; x_wconf 88' lang='lat'>—,</span> <span class='ocrx_word' id='word_1_67' title='bbox 2721 825 2817 888; x_wconf 84' lang='lat' dir='ltr'>sed</span> 
     </span>
     <span class='ocr_line' id='line_1_8' title="bbox 505 913 2815 1000; baseline -0.002 -20"><span class='ocrx_word' id='word_1_68' title='bbox 505 921 728 980; x_wconf 86' lang='lat' dir='ltr'>tamen</span> <span class='ocrx_word' id='word_1_69' title='bbox 775 914 1087 1000; x_wconf 89' lang='lat' dir='ltr'>quidquid</span> <span class='ocrx_word' id='word_1_70' title='bbox 1136 915 1456 979; x_wconf 87' lang='lat' dir='ltr'>elaborari</span> <span class='ocrx_word' id='word_1_71' title='bbox 1502 920 1616 978; x_wconf 85' lang='lat' dir='ltr'>aut</span> <span class='ocrx_word' id='word_1_72' title='bbox 1663 913 1832 977; x_wconf 90' lang='lat' dir='ltr'>effici</span> <span class='ocrx_word' id='word_1_73' title='bbox 1880 916 2164 997; x_wconf 87' lang='lat' dir='ltr'>potuerit</span> <span class='ocrx_word' id='word_1_74' title='bbox 2211 913 2292 977; x_wconf 89' lang='lat' dir='ltr'>ad</span> <span class='ocrx_word' id='word_1_75' title='bbox 2335 914 2607 978; x_wconf 89' lang='lat' dir='ltr'>istorum</span> <span class='ocrx_word' id='word_1_76' title='bbox 2649 914 2815 977; x_wconf 85' lang='lat' dir='ltr'>bene·</span> 
     </span>
     <span class='ocr_line' id='line_1_9' title="bbox 510 1003 2814 1088; baseline -0.002 -19"><span class='ocrx_word' id='word_1_77' title='bbox 510 1005 858 1069; x_wconf 86' lang='lat' dir='ltr'>volentiam</span> <span class='ocrx_word' id='word_1_78' title='bbox 901 1003 1366 1068; x_wconf 80' lang='lat' dir='ltr'>conciliandam</span> <span class='ocrx_word' id='word_1_79' title='bbox 1406 1007 1472 1066; x_wconf 88' lang='lat' dir='ltr'>et</span> <span class='ocrx_word' id='word_1_80' title='bbox 1509 1003 1952 1088; x_wconf 80' lang='lat' dir='ltr'>colligendam,</span> <span class='ocrx_word' id='word_1_81' title='bbox 2001 1025 2255 1067; x_wconf 87' lang='lat' dir='ltr'>summo</span> <span class='ocrx_word' id='word_1_82' title='bbox 2300 1003 2511 1067; x_wconf 89' lang='lat' dir='ltr'>studio</span> <span class='ocrx_word' id='word_1_83' title='bbox 2559 1024 2657 1066; x_wconf 93' lang='lat' dir='ltr'>me</span> <span class='ocrx_word' id='word_1_84' title='bbox 2691 1023 2814 1067; x_wconf 86' lang='lat' dir='ltr'>con·</span> 
     </span>
     <span class='ocr_line' id='line_1_10' title="bbox 506 1091 2816 1175; baseline -0.003 -17"><span class='ocrx_word' id='word_1_85' title='bbox 506 1098 795 1158; x_wconf 89' lang='lat' dir='ltr'>secutum</span> <span class='ocrx_word' id='word_1_86' title='bbox 843 1114 1000 1175; x_wconf 86' lang='lat' dir='ltr'>esse,</span> <span class='ocrx_word' id='word_1_87' title='bbox 1047 1114 1164 1157; x_wconf 93' lang='lat' dir='ltr'>nec</span> <span class='ocrx_word' id='word_1_88' title='bbox 1209 1092 1471 1170; x_wconf 86' lang='lat' dir='ltr'>frustra,</span> <span class='ocrx_word' id='word_1_89' title='bbox 1521 1096 1593 1156; x_wconf 88' lang='lat' dir='ltr'>ut</span> <span class='ocrx_word' id='word_1_90' title='bbox 1639 1093 1948 1166; x_wconf 62' lang='lat' dir='ltr'>arbitron</span> <span class='ocrx_word' id='word_1_91' title='bbox 1997 1091 2088 1156; x_wconf 91' lang='lat' dir='ltr'>sic</span> <span class='ocrx_word' id='word_1_92' title='bbox 2135 1091 2305 1155; x_wconf 92' lang='lat' dir='ltr'>enim</span> <span class='ocrx_word' id='word_1_93' title='bbox 2353 1091 2551 1174; x_wconf 89' lang='lat' dir='ltr'>color,</span> <span class='ocrx_word' id='word_1_94' title='bbox 2596 1091 2684 1155; x_wconf 90' lang='lat' dir='ltr'>sic</span> <span class='ocrx_word' id='word_1_95' title='bbox 2723 1091 2816 1153; x_wconf 90' lang='lat' dir='ltr'>ob·</span> 
     </span>
     <span class='ocr_line' id='line_1_11' title="bbox 505 1178 2818 1265; baseline -0.002 -20"><span class='ocrx_word' id='word_1_96' title='bbox 505 1203 723 1246; x_wconf 89' lang='lat' dir='ltr'>servor</span> <span class='ocrx_word' id='word_1_97' title='bbox 769 1181 851 1245; x_wconf 90' lang='lat' dir='ltr'>ab</span> <span class='ocrx_word' id='word_1_98' title='bbox 900 1182 1198 1246; x_wconf 90' lang='lat' dir='ltr'>omnibus</span> <span class='ocrx_word' id='word_1_99' title='bbox 1245 1180 1347 1264; x_wconf 82' lang='lat' dir='ltr'>iis,</span> <span class='ocrx_word' id='word_1_100' title='bbox 1394 1180 1505 1265; x_wconf 90' lang='lat' dir='ltr'>qui</span> <span class='ocrx_word' id='word_1_101' title='bbox 1545 1202 1583 1244; x_wconf 90' lang='lat' dir='ltr'>a</span> <span class='ocrx_word' id='word_1_102' title='bbox 1620 1178 1896 1245; x_wconf 78' lang='lat' dir='ltr'>Caesare</span> <span class='ocrx_word' id='word_1_103' title='bbox 1944 1180 2320 1265; x_wconf 86' lang='lat' dir='ltr'>diliguntur,</span> <span class='ocrx_word' id='word_1_104' title='bbox 2364 1183 2439 1244; x_wconf 90' lang='lat' dir='ltr'>ut</span> <span class='ocrx_word' id='word_1_105' title='bbox 2486 1181 2567 1244; x_wconf 89' lang='lat' dir='ltr'>ab</span> <span class='ocrx_word' id='word_1_106' title='bbox 2613 1179 2690 1243; x_wconf 92' lang='lat' dir='ltr'>iis</span> <span class='ocrx_word' id='word_1_107' title='bbox 2729 1200 2818 1242; x_wconf 85' lang='lat' dir='ltr'>me</span> 
     </span>
     <span class='ocr_line' id='line_1_12' title="bbox 504 1268 2819 1352; baseline -0.002 -18"><span class='ocrx_word' id='word_1_108' title='bbox 504 1271 706 1334; x_wconf 90' lang='lat' dir='ltr'>amari</span> <span class='ocrx_word' id='word_1_109' title='bbox 762 1273 999 1352; x_wconf 89' lang='lat' dir='ltr'>putem.</span> <span class='ocrx_word' id='word_1_110' title='bbox 1090 1269 1378 1333; x_wconf 76' lang='lat' dir='ltr'>Tametsi</span> <span class='ocrx_word' id='word_1_111' title='bbox 1435 1291 1566 1334; x_wconf 92' lang='lat' dir='ltr'>non</span> <span class='ocrx_word' id='word_1_112' title='bbox 1622 1270 1811 1333; x_wconf 86' lang='lat' dir='ltr'>facile</span> <span class='ocrx_word' id='word_1_113' title='bbox 1868 1268 2254 1333; x_wconf 85' lang='lat' dir='ltr'>diiudicatur</span> <span class='ocrx_word' id='word_1_114' title='bbox 2300 1291 2484 1333; x_wconf 89' lang='lat' dir='ltr'>amor</span> <span class='ocrx_word' id='word_1_115' title='bbox 2539 1290 2714 1332; x_wconf 85' lang='lat' dir='ltr'>verus</span> <span class='ocrx_word' id='word_1_116' title='bbox 2764 1271 2819 1330; x_wconf 81' lang='lat' dir='ltr'>et</span> 
     </span>
     <span class='ocr_line' id='line_1_13' title="bbox 503 1356 2812 1441; baseline -0.001 -20"><span class='ocrx_word' id='word_1_117' title='bbox 503 1359 721 1441; x_wconf 86' lang='lat' dir='ltr'>fictus,</span> <span class='ocrx_word' id='word_1_118' title='bbox 774 1359 900 1421; x_wconf 90' lang='lat' dir='ltr'>nisi</span> <span class='ocrx_word' id='word_1_119' title='bbox 956 1356 1218 1441; x_wconf 89' lang='lat' dir='ltr'>aliquod</span> <span class='ocrx_word' id='word_1_120' title='bbox 1273 1358 1516 1422; x_wconf 85' lang='lat' dir='ltr'>incidat</span> <span class='ocrx_word' id='word_1_121' title='bbox 1571 1358 1884 1422; x_wconf 88' lang='lat' dir='ltr'>eiusmodi</span> <span class='ocrx_word' id='word_1_122' title='bbox 1928 1360 2211 1441; x_wconf 79' lang='lat' dir='ltr'>tempuS‚</span> <span class='ocrx_word' id='word_1_123' title='bbox 2263 1361 2340 1421; x_wconf 87' lang='lat' dir='ltr'>ut</span> <span class='ocrx_word' id='word_1_124' title='bbox 2384 1358 2570 1441; x_wconf 85' lang='lat' dir='ltr'>quasi</span> <span class='ocrx_word' id='word_1_125' title='bbox 2616 1377 2812 1420; x_wconf 88' lang='lat' dir='ltr'>aurum</span> 
     </span>
     <span class='ocr_line' id='line_1_14' title="bbox 504 1445 2833 1532; baseline 0 -22"><span class='ocrx_word' id='word_1_126' title='bbox 504 1447 669 1532; x_wconf 85' lang='lat' dir='ltr'>igni,</span> <span class='ocrx_word' id='word_1_127' title='bbox 735 1447 826 1511; x_wconf 89' lang='lat' dir='ltr'>sic</span> <span class='ocrx_word' id='word_1_128' title='bbox 892 1447 1341 1511; x_wconf 71' lang='lat' dir='ltr'>benevolentia</span> <span class='ocrx_word' id='word_1_129' title='bbox 1394 1447 1606 1511; x_wconf 89' lang='lat' dir='ltr'>fidelis</span> <span class='ocrx_word' id='word_1_130' title='bbox 1663 1448 1946 1530; x_wconf 89' lang='lat' dir='ltr'>periculo</span> <span class='ocrx_word' id='word_1_131' title='bbox 2003 1446 2219 1530; x_wconf 88' lang='lat' dir='ltr'>aliquo</span> <span class='ocrx_word' id='word_1_132' title='bbox 2276 1445 2560 1531; x_wconf 82' lang='lat' dir='ltr'>perspici</span> <span class='ocrx_word' id='word_1_133' title='bbox 2612 1445 2833 1529; x_wconf 48' lang='lat' dir='ltr'>possity</span> 
     </span>
     <span class='ocr_line' id='line_1_15' title="bbox 504 1535 2816 1621; baseline -0.002 -21"><span class='ocrx_word' id='word_1_134' title='bbox 504 1539 719 1600; x_wconf 88' lang='lat' dir='ltr'>cetera</span> <span class='ocrx_word' id='word_1_135' title='bbox 774 1539 925 1600; x_wconf 87' lang='lat' dir='ltr'>sunt</span> <span class='ocrx_word' id='word_1_136' title='bbox 980 1535 1166 1621; x_wconf 86' lang='lat' dir='ltr'>signa</span> <span class='ocrx_word' id='word_1_137' title='bbox 1222 1536 1615 1619; x_wconf 82' lang='lat' dir='ltr'>communia3</span> <span class='ocrx_word' id='word_1_138' title='bbox 1681 1535 1791 1600; x_wconf 92' lang='lat' dir='ltr'>sed</span> <span class='ocrx_word' id='word_1_139' title='bbox 1856 1556 1977 1620; x_wconf 85' lang='lat' dir='ltr'>ego</span> <span class='ocrx_word' id='word_1_140' title='bbox 2042 1556 2170 1599; x_wconf 93' lang='lat' dir='ltr'>uno</span> <span class='ocrx_word' id='word_1_141' title='bbox 2235 1538 2386 1599; x_wconf 85' lang='lat' dir='ltr'>utor</span> <span class='ocrx_word' id='word_1_142' title='bbox 2441 1538 2816 1620; x_wconf 84' lang='lat' dir='ltr'>argument0‚</span> 
     </span>
     <span class='ocr_line' id='line_1_16' title="bbox 504 1623 2816 1709; baseline -0.002 -21"><span class='ocrx_word' id='word_1_143' title='bbox 504 1625 926 1707; x_wconf 89' lang='lat' dir='ltr'>quamobrem</span> <span class='ocrx_word' id='word_1_144' title='bbox 954 1647 1055 1688; x_wconf 93' lang='lat' dir='ltr'>me</span> <span class='ocrx_word' id='word_1_145' title='bbox 1086 1646 1163 1688; x_wconf 87' lang='lat' dir='ltr'>ex</span> <span class='ocrx_word' id='word_1_146' title='bbox 1192 1624 1407 1689; x_wconf 91' lang='lat' dir='ltr'>animo</span> <span class='ocrx_word' id='word_1_147' title='bbox 1448 1645 1719 1709; x_wconf 89' lang='lat' dir='ltr'>vereque</span> <span class='ocrx_word' id='word_1_148' title='bbox 1759 1623 2034 1688; x_wconf 84' lang='lat' dir='ltr'>arbitrer</span> <span class='ocrx_word' id='word_1_149' title='bbox 2073 1623 2286 1708; x_wconf 85' lang='lat' dir='ltr'>diligi:</span> <span class='ocrx_word' id='word_1_150' title='bbox 2327 1624 2482 1708; x_wconf 85' lang='lat' dir='ltr'>quia</span> <span class='ocrx_word' id='word_1_151' title='bbox 2521 1628 2586 1688; x_wconf 88' lang='lat' dir='ltr'>et</span> <span class='ocrx_word' id='word_1_152' title='bbox 2619 1626 2816 1687; x_wconf 86' lang='lat' dir='ltr'>nostra</span> 
     </span>
     <span class='ocr_line' id='line_1_17' title="bbox 502 1712 2573 1797; baseline -0.001 -20"><span class='ocrx_word' id='word_1_153' title='bbox 502 1715 770 1778; x_wconf 86' lang='lat' dir='ltr'>fortuna</span> <span class='ocrx_word' id='word_1_154' title='bbox 816 1736 893 1778; x_wconf 85' lang='lat' dir='ltr'>ea</span> <span class='ocrx_word' id='word_1_155' title='bbox 940 1717 1041 1778; x_wconf 85' lang='lat' dir='ltr'>est</span> <span class='ocrx_word' id='word_1_156' title='bbox 1086 1717 1150 1777; x_wconf 90' lang='lat' dir='ltr'>et</span> <span class='ocrx_word' id='word_1_157' title='bbox 1194 1714 1483 1797; x_wconf 88' lang='lat' dir='ltr'>illorum,</span> <span class='ocrx_word' id='word_1_158' title='bbox 1531 1717 1606 1777; x_wconf 86' lang='lat' dir='ltr'>ut</span> <span class='ocrx_word' id='word_1_159' title='bbox 1652 1713 2000 1777; x_wconf 91' lang='lat' dir='ltr'>simulandi</span> <span class='ocrx_word' id='word_1_160' title='bbox 2047 1734 2242 1777; x_wconf 87' lang='lat' dir='ltr'>causa</span> <span class='ocrx_word' id='word_1_161' title='bbox 2285 1734 2418 1776; x_wconf 93' lang='lat' dir='ltr'>non</span> <span class='ocrx_word' id='word_1_162' title='bbox 2467 1712 2573 1777; x_wconf 88' lang='lat' dir='ltr'>sit.</span> 
     </span>
    </p>

    <p class='ocr_par' dir='ltr' id='par_1_4' title="bbox 441 1799 2820 2687">
     <span class='ocr_line' id='line_1_18' title="bbox 441 1799 2819 1886; baseline -0.005 -14"><span class='ocrx_word' id='word_1_163' title='bbox 441 1807 482 1872; x_wconf 81' lang='lat'><strong>3</strong></span> <span class='ocrx_word' id='word_1_164' title='bbox 680 1801 777 1866; x_wconf 93' lang='lat' dir='ltr'>De</span> <span class='ocrx_word' id='word_1_165' title='bbox 811 1801 927 1867; x_wconf 91' lang='lat' dir='ltr'>illo</span> <span class='ocrx_word' id='word_1_166' title='bbox 967 1805 1203 1884; x_wconf 86' lang='lat' dir='ltr'>autem,</span> <span class='ocrx_word' id='word_1_167' title='bbox 1241 1823 1429 1886; x_wconf 89' lang='lat' dir='ltr'>quem</span> <span class='ocrx_word' id='word_1_168' title='bbox 1468 1823 1668 1886; x_wconf 90' lang='lat' dir='ltr'>penes</span> <span class='ocrx_word' id='word_1_169' title='bbox 1707 1805 1807 1866; x_wconf 91' lang='lat' dir='ltr'>est</span> <span class='ocrx_word' id='word_1_170' title='bbox 1846 1802 2057 1866; x_wconf 91' lang='lat' dir='ltr'>omnis</span> <span class='ocrx_word' id='word_1_171' title='bbox 2097 1805 2405 1885; x_wconf 85' lang='lat' dir='ltr'>potestas,</span> <span class='ocrx_word' id='word_1_172' title='bbox 2441 1801 2608 1865; x_wconf 91' lang='lat' dir='ltr'>nihil</span> <span class='ocrx_word' id='word_1_173' title='bbox 2645 1799 2819 1879; x_wconf 77' lang='lat' dir='ltr'>viden,</span> 
     </span>
     <span class='ocr_line' id='line_1_19' title="bbox 503 1888 2812 1976; baseline -0.002 -21"><span class='ocrx_word' id='word_1_174' title='bbox 503 1891 674 1975; x_wconf 89' lang='lat' dir='ltr'>quod</span> <span class='ocrx_word' id='word_1_175' title='bbox 719 1892 1015 1973; x_wconf 87' lang='lat' dir='ltr'>timeam,</span> <span class='ocrx_word' id='word_1_176' title='bbox 1068 1891 1195 1954; x_wconf 90' lang='lat' dir='ltr'>nisi</span> <span class='ocrx_word' id='word_1_177' title='bbox 1241 1891 1412 1976; x_wconf 91' lang='lat' dir='ltr'>quod</span> <span class='ocrx_word' id='word_1_178' title='bbox 1461 1892 1679 1956; x_wconf 91' lang='lat' dir='ltr'>omnia</span> <span class='ocrx_word' id='word_1_179' title='bbox 1725 1895 1879 1955; x_wconf 88' lang='lat' dir='ltr'>sunt</span> <span class='ocrx_word' id='word_1_180' title='bbox 1922 1891 2199 1972; x_wconf 84' lang='lat' dir='ltr'>incerta,</span> <span class='ocrx_word' id='word_1_181' title='bbox 2254 1911 2397 1954; x_wconf 90' lang='lat' dir='ltr'>cum</span> <span class='ocrx_word' id='word_1_182' title='bbox 2452 1913 2492 1955; x_wconf 86' lang='lat' dir='ltr'>a</span> <span class='ocrx_word' id='word_1_183' title='bbox 2539 1890 2673 1953; x_wconf 90' lang='lat' dir='ltr'>iure</span> <span class='ocrx_word' id='word_1_184' title='bbox 2716 1888 2812 1951; x_wconf 88' lang='lat' dir='ltr'>dis-</span> 
     </span>
     <span class='ocr_line' id='line_1_20' title="bbox 502 1976 2816 2065; baseline -0.003 -21"><span class='ocrx_word' id='word_1_185' title='bbox 502 2001 752 2044; x_wconf 87' lang='lat' dir='ltr'>cessum</span> <span class='ocrx_word' id='word_1_186' title='bbox 799 1984 925 2063; x_wconf 83' lang='lat' dir='ltr'>est,</span> <span class='ocrx_word' id='word_1_187' title='bbox 970 2001 1087 2043; x_wconf 90' lang='lat' dir='ltr'>nec</span> <span class='ocrx_word' id='word_1_188' title='bbox 1132 1978 1452 2063; x_wconf 86' lang='lat' dir='ltr'>praestari</span> <span class='ocrx_word' id='word_1_189' title='bbox 1499 1981 1844 2065; x_wconf 91' lang='lat' dir='ltr'>quicquam</span> <span class='ocrx_word' id='word_1_190' title='bbox 1888 1982 2127 2063; x_wconf 85' lang='lat' dir='ltr'>potest,</span> <span class='ocrx_word' id='word_1_191' title='bbox 2174 1979 2362 2063; x_wconf 88' lang='lat' dir='ltr'>quale</span> <span class='ocrx_word' id='word_1_192' title='bbox 2407 1980 2695 2043; x_wconf 87' lang='lat' dir='ltr'>futurum</span> <span class='ocrx_word' id='word_1_193' title='bbox 2730 1976 2816 2058; x_wconf 84' lang='lat' dir='ltr'>sit,</span> 
     </span>
     <span class='ocr_line' id='line_1_21' title="bbox 502 2063 2817 2152; baseline -0.002 -20"><span class='ocrx_word' id='word_1_194' title='bbox 502 2069 672 2152; x_wconf 89' lang='lat' dir='ltr'>quod</span> <span class='ocrx_word' id='word_1_195' title='bbox 719 2068 1005 2151; x_wconf 87' lang='lat' dir='ltr'>positum</span> <span class='ocrx_word' id='word_1_196' title='bbox 1056 2074 1156 2132; x_wconf 85' lang='lat' dir='ltr'>est</span> <span class='ocrx_word' id='word_1_197' title='bbox 1191 2067 1260 2131; x_wconf 91' lang='lat' dir='ltr'>in</span> <span class='ocrx_word' id='word_1_198' title='bbox 1298 2069 1563 2132; x_wconf 86' lang='lat' dir='ltr'>alterius</span> <span class='ocrx_word' id='word_1_199' title='bbox 1603 2070 1952 2146; x_wconf 84' lang='lat' dir='ltr'>voluntate,</span> <span class='ocrx_word' id='word_1_200' title='bbox 1997 2089 2079 2132; x_wconf 94' lang='lat' dir='ltr'>ne</span> <span class='ocrx_word' id='word_1_201' title='bbox 2118 2068 2325 2132; x_wconf 91' lang='lat' dir='ltr'>dicam</span> <span class='ocrx_word' id='word_1_202' title='bbox 2364 2067 2648 2131; x_wconf 89' lang='lat' dir='ltr'>libidine.</span> <span class='ocrx_word' id='word_1_203' title='bbox 2714 2063 2817 2130; x_wconf 88' lang='lat' dir='ltr'>Sed</span> 
     </span>
     <span class='ocr_line' id='line_1_22' title="bbox 500 2156 2819 2240; baseline -0.002 -20"><span class='ocrx_word' id='word_1_204' title='bbox 500 2161 725 2221; x_wconf 88' lang='lat' dir='ltr'>tamen</span> <span class='ocrx_word' id='word_1_205' title='bbox 789 2157 926 2221; x_wconf 90' lang='lat' dir='ltr'>eius</span> <span class='ocrx_word' id='word_1_206' title='bbox 990 2157 1195 2240; x_wconf 88' lang='lat' dir='ltr'>ipsius</span> <span class='ocrx_word' id='word_1_207' title='bbox 1259 2158 1442 2221; x_wconf 91' lang='lat' dir='ltr'>nulla</span> <span class='ocrx_word' id='word_1_208' title='bbox 1506 2180 1576 2221; x_wconf 90' lang='lat' dir='ltr'>re</span> <span class='ocrx_word' id='word_1_209' title='bbox 1642 2180 1680 2221; x_wconf 95' lang='lat' dir='ltr'>a</span> <span class='ocrx_word' id='word_1_210' title='bbox 1745 2179 1847 2220; x_wconf 89' lang='lat' dir='ltr'>me</span> <span class='ocrx_word' id='word_1_211' title='bbox 1908 2156 2188 2221; x_wconf 85' lang='lat' dir='ltr'>offensus</span> <span class='ocrx_word' id='word_1_212' title='bbox 2246 2160 2349 2220; x_wconf 87' lang='lat' dir='ltr'>est</span> <span class='ocrx_word' id='word_1_213' title='bbox 2404 2156 2685 2238; x_wconf 83' lang='lat' dir='ltr'>animus3</span> <span class='ocrx_word' id='word_1_214' title='bbox 2738 2157 2819 2216; x_wconf 80' lang='lat' dir='ltr'>est</span> 
     </span>
     <span class='ocr_line' id='line_1_23' title="bbox 503 2240 2819 2331; baseline -0.002 -23"><span class='ocrx_word' id='word_1_215' title='bbox 503 2247 675 2310; x_wconf 88' lang='lat' dir='ltr'>enim</span> <span class='ocrx_word' id='word_1_216' title='bbox 722 2245 1017 2309; x_wconf 83' lang='lat' dir='ltr'>adhibita</span> <span class='ocrx_word' id='word_1_217' title='bbox 1062 2246 1128 2309; x_wconf 90' lang='lat' dir='ltr'>in</span> <span class='ocrx_word' id='word_1_218' title='bbox 1186 2266 1261 2309; x_wconf 89' lang='lat' dir='ltr'>ea</span> <span class='ocrx_word' id='word_1_219' title='bbox 1318 2268 1385 2309; x_wconf 92' lang='lat' dir='ltr'>re</span> <span class='ocrx_word' id='word_1_220' title='bbox 1440 2246 1586 2331; x_wconf 87' lang='lat' dir='ltr'>ipsa</span> <span class='ocrx_word' id='word_1_221' title='bbox 1642 2268 1894 2310; x_wconf 89' lang='lat' dir='ltr'>summa</span> <span class='ocrx_word' id='word_1_222' title='bbox 1951 2269 1990 2309; x_wconf 93' lang='lat' dir='ltr'>a</span> <span class='ocrx_word' id='word_1_223' title='bbox 2044 2246 2234 2310; x_wconf 92' lang='lat' dir='ltr'>nobis</span> <span class='ocrx_word' id='word_1_224' title='bbox 2289 2245 2664 2309; x_wconf 74' lang='lat' dir='ltr'>moderatio,</span> <span class='ocrx_word' id='word_1_225' title='bbox 2747 2240 2819 2306; x_wconf 78' lang='lat' dir='ltr'>Ut</span> 
     </span>
     <span class='ocr_line' id='line_1_24' title="bbox 502 2334 2820 2419; baseline -0.002 -21"><span class='ocrx_word' id='word_1_226' title='bbox 502 2334 674 2398; x_wconf 92' lang='lat' dir='ltr'>enim</span> <span class='ocrx_word' id='word_1_227' title='bbox 715 2334 870 2398; x_wconf 92' lang='lat' dir='ltr'>olim</span> <span class='ocrx_word' id='word_1_228' title='bbox 908 2334 1276 2399; x_wconf 86' lang='lat' dir='ltr'>arbitrabar</span> <span class='ocrx_word' id='word_1_229' title='bbox 1312 2356 1451 2398; x_wconf 90' lang='lat' dir='ltr'>esse</span> <span class='ocrx_word' id='word_1_230' title='bbox 1489 2357 1705 2399; x_wconf 91' lang='lat' dir='ltr'>meum</span> <span class='ocrx_word' id='word_1_231' title='bbox 1743 2334 1943 2399; x_wconf 90' lang='lat' dir='ltr'>libere</span> <span class='ocrx_word' id='word_1_232' title='bbox 1980 2335 2178 2419; x_wconf 85' lang='lat' dir='ltr'>loqui,</span> <span class='ocrx_word' id='word_1_233' title='bbox 2216 2334 2396 2399; x_wconf 91' lang='lat' dir='ltr'>cuius</span> <span class='ocrx_word' id='word_1_234' title='bbox 2437 2355 2638 2417; x_wconf 90' lang='lat' dir='ltr'>opera</span> <span class='ocrx_word' id='word_1_235' title='bbox 2673 2334 2820 2396; x_wconf 88' lang='lat' dir='ltr'>esset</span> 
     </span>
     <span class='ocr_line' id='line_1_25' title="bbox 499 2417 2817 2507; baseline -0.002 -20"><span class='ocrx_word' id='word_1_236' title='bbox 499 2424 570 2487; x_wconf 91' lang='lat' dir='ltr'>in</span> <span class='ocrx_word' id='word_1_237' title='bbox 617 2423 878 2489; x_wconf 86' lang='lat' dir='ltr'>civitate</span> <span class='ocrx_word' id='word_1_238' title='bbox 925 2424 1224 2505; x_wconf 83' lang='lat' dir='ltr'>libertaS,</span> <span class='ocrx_word' id='word_1_239' title='bbox 1267 2424 1385 2507; x_wconf 85' lang='lat' dir='ltr'>sic,</span> <span class='ocrx_word' id='word_1_240' title='bbox 1433 2446 1510 2486; x_wconf 91' lang='lat' dir='ltr'>ea</span> <span class='ocrx_word' id='word_1_241' title='bbox 1554 2445 1725 2488; x_wconf 89' lang='lat' dir='ltr'>nunc</span> <span class='ocrx_word' id='word_1_242' title='bbox 1772 2424 2029 2505; x_wconf 88' lang='lat' dir='ltr'>amissa,</span> <span class='ocrx_word' id='word_1_243' title='bbox 2081 2423 2244 2486; x_wconf 89' lang='lat' dir='ltr'>nihil</span> <span class='ocrx_word' id='word_1_244' title='bbox 2291 2423 2485 2506; x_wconf 85' lang='lat' dir='ltr'>loqui,</span> <span class='ocrx_word' id='word_1_245' title='bbox 2537 2420 2702 2507; x_wconf 88' lang='lat' dir='ltr'>quod</span> <span class='ocrx_word' id='word_1_246' title='bbox 2743 2417 2817 2483; x_wconf 85' lang='lat' dir='ltr'>of-</span> 
     </span>
     <span class='ocr_line' id='line_1_26' title="bbox 499 2511 2816 2596; baseline -0.003 -20"><span class='ocrx_word' id='word_1_247' title='bbox 499 2512 724 2576; x_wconf 88' lang='lat' dir='ltr'>fendat</span> <span class='ocrx_word' id='word_1_248' title='bbox 761 2515 874 2576; x_wconf 82' lang='lat' dir='ltr'>aut</span> <span class='ocrx_word' id='word_1_249' title='bbox 911 2512 1087 2576; x_wconf 90' lang='lat' dir='ltr'>illius</span> <span class='ocrx_word' id='word_1_250' title='bbox 1129 2515 1242 2576; x_wconf 90' lang='lat' dir='ltr'>aut</span> <span class='ocrx_word' id='word_1_251' title='bbox 1280 2534 1522 2593; x_wconf 88' lang='lat' dir='ltr'>eorum,</span> <span class='ocrx_word' id='word_1_252' title='bbox 1568 2512 1678 2596; x_wconf 91' lang='lat' dir='ltr'>qui</span> <span class='ocrx_word' id='word_1_253' title='bbox 1717 2513 1797 2576; x_wconf 93' lang='lat' dir='ltr'>ab</span> <span class='ocrx_word' id='word_1_254' title='bbox 1836 2511 1948 2575; x_wconf 92' lang='lat' dir='ltr'>illo</span> <span class='ocrx_word' id='word_1_255' title='bbox 1998 2511 2376 2596; x_wconf 85' lang='lat' dir='ltr'>diliguntur,</span> <span class='ocrx_word' id='word_1_256' title='bbox 2416 2512 2816 2576; x_wconf 86' lang='lat' dir='ltr'>voluntatem.</span> 
     </span>
     <span class='ocr_line' id='line_1_27' title="bbox 498 2599 2820 2687; baseline -0.003 -22"><span class='ocrx_word' id='word_1_257' title='bbox 498 2600 801 2687; x_wconf 85' lang='lat' dir='ltr'>Effugere</span> <span class='ocrx_word' id='word_1_258' title='bbox 850 2606 1067 2665; x_wconf 90' lang='lat' dir='ltr'>autem</span> <span class='ocrx_word' id='word_1_259' title='bbox 1116 2602 1173 2665; x_wconf 91' lang='lat' dir='ltr'>si</span> <span class='ocrx_word' id='word_1_260' title='bbox 1219 2601 1412 2665; x_wconf 86' lang='lat' dir='ltr'>velim</span> <span class='ocrx_word' id='word_1_261' title='bbox 1456 2601 1916 2666; x_wconf 89' lang='lat' dir='ltr'>nonnullorum</span> <span class='ocrx_word' id='word_1_262' title='bbox 1975 2604 2158 2665; x_wconf 89' lang='lat' dir='ltr'>acute</span> <span class='ocrx_word' id='word_1_263' title='bbox 2216 2605 2328 2664; x_wconf 83' lang='lat' dir='ltr'>aut</span> <span class='ocrx_word' id='word_1_264' title='bbox 2380 2599 2595 2665; x_wconf 86' lang='lat' dir='ltr'>facete</span> <span class='ocrx_word' id='word_1_265' title='bbox 2650 2600 2820 2663; x_wconf 82' lang='lat' dir='ltr'>dicto-</span> 
     </span>
    </p>
   </div>
   <div class='ocr_carea' id='block_1_3' title="bbox 496 2825 2818 3039">
    <p class='ocr_par' dir='ltr' id='par_1_5' title="bbox 496 2825 2818 3039">
     <span class='ocr_line' id='line_1_28' title="bbox 498 2825 2817 2898; baseline -0.002 -18"><span class='ocrx_word' id='word_1_266' title='bbox 498 2827 751 2882; x_wconf 83' lang='lat' dir='ltr'>zeichnet</span> <span class='ocrx_word' id='word_1_267' title='bbox 786 2827 1001 2882; x_wconf 86' lang='lat' dir='ltr'>sowohl</span> <span class='ocrx_word' id='word_1_268' title='bbox 1038 2828 1136 2881; x_wconf 85' lang='lat' dir='ltr'>das</span> <span class='ocrx_word' id='word_1_269' title='bbox 1174 2828 1460 2897; x_wconf 86' lang='lat' dir='ltr'>Muster,</span> <span class='ocrx_word' id='word_1_270' title='bbox 1515 2830 1614 2882; x_wconf 87' lang='lat' dir='ltr'>das</span> <span class='ocrx_word' id='word_1_271' title='bbox 1722 2831 1864 2898; x_wconf 87' lang='lat' dir='ltr'>tung</span> <span class='ocrx_word' id='word_1_272' title='bbox 1926 2827 2284 2882; x_wconf 79' lang='lat' dir='ltr'>behandelt“.</span> <span class='ocrx_word' id='word_1_273' title='bbox 2384 2826 2558 2882; x_wconf 90' lang='lat' dir='ltr'>Beide</span> <span class='ocrx_word' id='word_1_274' title='bbox 2623 2825 2817 2881; x_wconf 87' lang='lat' dir='ltr'>Verben</span> 
     </span>
     <span class='ocr_line' id='line_1_29' title="bbox 496 2896 2818 2969; baseline -0.003 -17"><span class='ocrx_word' id='word_1_275' title='bbox 496 2897 877 2967; x_wconf 85' lang='lat' dir='ltr'>nachgeahmt</span> <span class='ocrx_word' id='word_1_276' title='bbox 921 2898 1086 2969; x_wconf 88' lang='lat' dir='ltr'>wird‚</span> <span class='ocrx_word' id='word_1_277' title='bbox 1142 2899 1242 2953; x_wconf 91' lang='lat' dir='ltr'>das</span> <span class='ocrx_word' id='word_1_278' title='bbox 1281 2900 1614 2969; x_wconf 87' lang='lat' dir='ltr'>Konzept‚</span> <span class='ocrx_word' id='word_1_279' title='bbox 1722 2900 1909 2953; x_wconf 88' lang='lat' dir='ltr'>finden</span> <span class='ocrx_word' id='word_1_280' title='bbox 1973 2897 2094 2954; x_wconf 87' lang='lat' dir='ltr'>sich</span> <span class='ocrx_word' id='word_1_281' title='bbox 2158 2898 2347 2968; x_wconf 66' lang='lat' dir='ltr'>haufig</span> <span class='ocrx_word' id='word_1_282' title='bbox 2408 2898 2518 2953; x_wconf 85' lang='lat' dir='ltr'>mit</span> <span class='ocrx_word' id='word_1_283' title='bbox 2573 2896 2818 2953; x_wconf 84' lang='lat' dir='ltr'>einander</span> 
     </span>
     <span class='ocr_line' id='line_1_30' title="bbox 499 2967 2817 3039; baseline -0.001 -18"><span class='ocrx_word' id='word_1_284' title='bbox 499 2971 584 3022; x_wconf 83' lang='lat' dir='ltr'>als</span> <span class='ocrx_word' id='word_1_285' title='bbox 624 2967 715 3024; x_wconf 89' lang='lat' dir='ltr'>die</span> <span class='ocrx_word' id='word_1_286' title='bbox 753 2968 1131 3025; x_wconf 88' lang='lat' dir='ltr'>Abschrift.</span> <span class='ocrx_word' id='word_1_287' title='bbox 1184 2971 1368 3025; x_wconf 76' lang='lat' dir='ltr'>Binae</span> <span class='ocrx_word' id='word_1_288' title='bbox 1403 2973 1617 3026; x_wconf 81' lang='lat' dir='ltr'>litterae</span> <span class='ocrx_word' id='word_1_289' title='bbox 1721 2970 2060 3024; x_wconf 85' lang='lat' dir='ltr'>verbunden.</span> <span class='ocrx_word' id='word_1_290' title='bbox 2118 2968 2417 3039; x_wconf 82' lang='lat' dir='ltr'>Landgraf,</span> <span class='ocrx_word' id='word_1_291' title='bbox 2449 2969 2615 3026; x_wconf 82' lang='lat' dir='ltr'>Rosc.</span> <span class='ocrx_word' id='word_1_292' title='bbox 2643 2988 2696 3038; x_wconf 90' lang='lat' dir='ltr'>p.</span> <span class='ocrx_word' id='word_1_293' title='bbox 2713 2971 2817 3021; x_wconf 78' lang='lat'><strong>327.</strong></span> 
     </span>
    </p>
   </div>
   <div class='ocr_carea' id='block_1_4' title="bbox 497 3039 2820 3254">
    <p class='ocr_par' dir='ltr' id='par_1_6' title="bbox 497 3039 2820 3254">
     <span class='ocr_line' id='line_1_31' title="bbox 498 3039 2820 3111; baseline -0.002 -18"><span class='ocrx_word' id='word_1_294' title='bbox 498 3040 676 3094; x_wconf 80' lang='lat' dir='ltr'>eodem</span> <span class='ocrx_word' id='word_1_295' title='bbox 730 3042 966 3110; x_wconf 77' lang='lat' dir='ltr'>exemplo</span> <span class='ocrx_word' id='word_1_296' title='bbox 1028 3043 1265 3111; x_wconf 77' lang='lat' dir='ltr'>scriptae</span> <span class='ocrx_word' id='word_1_297' title='bbox 1314 3042 1439 3096; x_wconf 88' lang='lat' dir='ltr'>sind</span> <span class='ocrx_word' id='word_1_298' title='bbox 1495 3043 1614 3096; x_wconf 84' lang='lat' dir='ltr'>also</span> <span class='ocrx_word' id='word_1_299' title='bbox 1720 3072 1793 3081; x_wconf 92' lang='lat'><strong>—</strong></span> <span class='ocrx_word' id='word_1_300' title='bbox 1834 3041 2093 3111; x_wconf 75' lang='lat' dir='ltr'>Tametsi]</span> <span class='ocrx_word' id='word_1_301' title='bbox 2137 3039 2460 3108; x_wconf 78' lang='lat' dir='ltr'>‘wiewohl’,</span> <span class='ocrx_word' id='word_1_302' title='bbox 2501 3043 2602 3094; x_wconf 89' lang='lat' dir='ltr'>das</span> <span class='ocrx_word' id='word_1_303' title='bbox 2639 3039 2820 3094; x_wconf 82' lang='lat' dir='ltr'>vorher</span> 
     </span>
     <span class='ocr_line' id='line_1_32' title="bbox 497 3108 2817 3182; baseline 0 -19"><span class='ocrx_word' id='word_1_304' title='bbox 497 3108 635 3164; x_wconf 85' lang='lat' dir='ltr'>zwei</span> <span class='ocrx_word' id='word_1_305' title='bbox 689 3110 899 3177; x_wconf 84' lang='lat' dir='ltr'>Briefe‚</span> <span class='ocrx_word' id='word_1_306' title='bbox 955 3111 1044 3166; x_wconf 89' lang='lat' dir='ltr'>die</span> <span class='ocrx_word' id='word_1_307' title='bbox 1099 3116 1243 3167; x_wconf 89' lang='lat' dir='ltr'>nach</span> <span class='ocrx_word' id='word_1_308' title='bbox 1291 3113 1614 3167; x_wconf 87' lang='lat' dir='ltr'>demselben</span> <span class='ocrx_word' id='word_1_309' title='bbox 1722 3111 2513 3182; x_wconf 79' lang='lat' dir='ltr'>Gesagteberichtigend3wie</span> <span class='ocrx_word' id='word_1_310' title='bbox 2530 3112 2817 3166; x_wconf 87' lang='grc' dir='ltr'><strong>Π.23.2.-</strong></span> 
     </span>
     <span class='ocr_line' id='line_1_33' title="bbox 498 3182 2819 3254; baseline -0.001 -20"><span class='ocrx_word' id='word_1_311' title='bbox 498 3182 754 3250; x_wconf 87' lang='lat' dir='ltr'>Konzept</span> <span class='ocrx_word' id='word_1_312' title='bbox 789 3183 1178 3251; x_wconf 86' lang='lat' dir='ltr'>geschrieben,</span> <span class='ocrx_word' id='word_1_313' title='bbox 1234 3184 1287 3237; x_wconf 86' lang='lat' dir='ltr'>d.</span> <span class='ocrx_word' id='word_1_314' title='bbox 1327 3186 1364 3238; x_wconf 94' lang='lat' dir='ltr'>i.</span> <span class='ocrx_word' id='word_1_315' title='bbox 1403 3184 1614 3253; x_wconf 86' lang='lat' dir='ltr'>gleich-</span> <span class='ocrx_word' id='word_1_316' title='bbox 1721 3189 1896 3239; x_wconf 82' lang='lat' dir='ltr'>cetera</span> <span class='ocrx_word' id='word_1_317' title='bbox 1943 3223 1955 3235; x_wconf 92' lang='lat'><strong>.</strong></span> <span class='ocrx_word' id='word_1_318' title='bbox 2007 3224 2018 3236; x_wconf 92' lang='lat'><strong>.</strong></span> <span class='ocrx_word' id='word_1_319' title='bbox 2066 3184 2398 3254; x_wconf 78' lang='lat' dir='ltr'>communia]</span> <span class='ocrx_word' id='word_1_320' title='bbox 2455 3183 2548 3236; x_wconf 88' lang='lat' dir='ltr'>die</span> <span class='ocrx_word' id='word_1_321' title='bbox 2604 3183 2819 3248; x_wconf 70' lang='lat' dir='ltr'>fibrigen</span> 
     </span>
    </p>
   </div>
   <div class='ocr_carea' id='block_1_5' title="bbox 486 3248 2820 3892">
    <p class='ocr_par' dir='ltr' id='par_1_7' title="bbox 491 3248 2820 3465">
     <span class='ocr_line' id='line_1_34' title="bbox 495 3248 2820 3310; baseline -0.002 -4"><span class='ocrx_word' id='word_1_322' title='bbox 495 3253 727 3308; x_wconf 85' lang='lat' dir='ltr'>lautend</span> <span class='ocrx_word' id='word_1_323' title='bbox 793 3253 934 3309; x_wconf 85' lang='lat' dir='ltr'>sind.</span> <span class='ocrx_word' id='word_1_324' title='bbox 1027 3253 1179 3309; x_wconf 86' lang='lat' dir='ltr'>Fam.</span> <span class='ocrx_word' id='word_1_325' title='bbox 1248 3253 1367 3308; x_wconf 91' lang='lat' dir='ltr'><strong>VII.</strong></span> <span class='ocrx_word' id='word_1_326' title='bbox 1437 3261 1521 3310; x_wconf 88' lang='lat'>18.</span> <span class='ocrx_word' id='word_1_327' title='bbox 1580 3263 1610 3307; x_wconf 89' lang='grc'><strong>2</strong></span> <span class='ocrx_word' id='word_1_328' title='bbox 1719 3253 2110 3308; x_wconf 83' lang='lat' dir='ltr'>Kennzeichen</span> <span class='ocrx_word' id='word_1_329' title='bbox 2138 3253 2323 3308; x_wconf 90' lang='lat' dir='ltr'>finden</span> <span class='ocrx_word' id='word_1_330' title='bbox 2352 3254 2472 3307; x_wconf 88' lang='lat' dir='ltr'>sich</span> <span class='ocrx_word' id='word_1_331' title='bbox 2498 3253 2705 3309; x_wconf 83' lang='lat' dir='ltr'>sowohl</span> <span class='ocrx_word' id='word_1_332' title='bbox 2746 3248 2820 3302; x_wconf 84' lang='lat' dir='ltr'>bei</span> 
     </span>
     <span class='ocr_line' id='line_1_35' title="bbox 498 3322 2819 3394; baseline -0.002 -17"><span class='ocrx_word' id='word_1_333' title='bbox 498 3323 745 3378; x_wconf 85' lang='lat' dir='ltr'>schreibt</span> <span class='ocrx_word' id='word_1_334' title='bbox 781 3322 973 3379; x_wconf 88' lang='lat' dir='ltr'>Cicero</span> <span class='ocrx_word' id='word_1_335' title='bbox 1019 3341 1089 3378; x_wconf 87' lang='lat' dir='ltr'>an</span> <span class='ocrx_word' id='word_1_336' title='bbox 1125 3324 1451 3379; x_wconf 84' lang='lat' dir='ltr'>Trebatius:</span> <span class='ocrx_word' id='word_1_337' title='bbox 1489 3328 1614 3394; x_wconf 78' lang='lat' dir='ltr'>quis</span> <span class='ocrx_word' id='word_1_338' title='bbox 1721 3325 1818 3380; x_wconf 88' lang='lat' dir='ltr'>der</span> <span class='ocrx_word' id='word_1_339' title='bbox 1839 3325 2066 3378; x_wconf 83' lang='lat' dir='ltr'>wahren</span> <span class='ocrx_word' id='word_1_340' title='bbox 2087 3325 2192 3379; x_wconf 82' lang='lat' dir='ltr'>wie</span> <span class='ocrx_word' id='word_1_341' title='bbox 2212 3323 2306 3379; x_wconf 90' lang='lat' dir='ltr'>bei</span> <span class='ocrx_word' id='word_1_342' title='bbox 2328 3325 2425 3378; x_wconf 84' lang='lat' dir='ltr'>der</span> <span class='ocrx_word' id='word_1_343' title='bbox 2445 3322 2819 3380; x_wconf 80' lang='lat' dir='ltr'>erheuchelten</span> 
     </span>
     <span class='ocr_line' id='line_1_36' title="bbox 491 3396 1906 3465; baseline 0.001 -16"><span class='ocrx_word' id='word_1_344' title='bbox 491 3398 628 3451; x_wconf 82' lang='lat' dir='ltr'>solet</span> <span class='ocrx_word' id='word_1_345' title='bbox 679 3397 858 3450; x_wconf 82' lang='lat' dir='ltr'>eodem</span> <span class='ocrx_word' id='word_1_346' title='bbox 913 3396 1153 3465; x_wconf 71' lang='lat' dir='ltr'>exemplo</span> <span class='ocrx_word' id='word_1_347' title='bbox 1212 3398 1400 3464; x_wconf 79' lang='lat' dir='ltr'>plures</span> <span class='ocrx_word' id='word_1_348' title='bbox 1462 3398 1614 3462; x_wconf 83' lang='lat' dir='ltr'>dare,</span> <span class='ocrx_word' id='word_1_349' title='bbox 1721 3396 1906 3451; x_wconf 87' lang='lat' dir='ltr'>Liebe.</span> 
     </span>
    </p>

    <p class='ocr_par' dir='ltr' id='par_1_8' title="bbox 486 3463 2818 3892">
     <span class='ocr_line' id='line_1_37' title="bbox 494 3463 2818 3536; baseline -0.001 -17"><span class='ocrx_word' id='word_1_350' title='bbox 494 3469 593 3536; x_wconf 77' lang='lat' dir='ltr'>qui</span> <span class='ocrx_word' id='word_1_351' title='bbox 635 3483 740 3520; x_wconf 80' lang='lat' dir='ltr'>sua</span> <span class='ocrx_word' id='word_1_352' title='bbox 783 3483 956 3520; x_wconf 72' lang='lat' dir='ltr'>marca</span> <span class='ocrx_word' id='word_1_353' title='bbox 1001 3466 1235 3522; x_wconf 75' lang='lat' dir='ltr'>scribit?</span> <span class='ocrx_word' id='word_1_354' title='bbox 1307 3466 1458 3520; x_wconf 85' lang='lat' dir='ltr'>Aber</span> <span class='ocrx_word' id='word_1_355' title='bbox 1493 3468 1612 3522; x_wconf 83' lang='lat' dir='ltr'>Att.</span> <span class='ocrx_word' id='word_1_356' title='bbox 1791 3474 1839 3521; x_wconf 88' lang='lat'>3.</span> <span class='ocrx_word' id='word_1_357' title='bbox 1897 3469 2013 3522; x_wconf 77' lang='lat' dir='ltr'>nisi</span> <span class='ocrx_word' id='word_1_358' title='bbox 2047 3466 2193 3536; x_wconf 79' lang='lat' dir='ltr'>qaod</span> <span class='ocrx_word' id='word_1_359' title='bbox 2227 3468 2344 3535; x_wconf 67' lang='lat' dir='ltr'>eta]</span> <span class='ocrx_word' id='word_1_360' title='bbox 2392 3465 2446 3522; x_wconf 90' lang='lat' dir='ltr'>d.</span> <span class='ocrx_word' id='word_1_361' title='bbox 2483 3466 2522 3521; x_wconf 90' lang='lat' dir='ltr'>i.</span> <span class='ocrx_word' id='word_1_362' title='bbox 2562 3466 2670 3520; x_wconf 91' lang='lat' dir='ltr'>den</span> <span class='ocrx_word' id='word_1_363' title='bbox 2703 3463 2818 3518; x_wconf 89' lang='lat' dir='ltr'>Um-</span> 
     </span>
     <span class='ocr_line' id='line_1_38' title="bbox 495 3536 2817 3609; baseline -0.001 -18"><span class='ocrx_word' id='word_1_364' title='bbox 495 3539 588 3591; x_wconf 91' lang='lat' dir='ltr'>lX.</span> <span class='ocrx_word' id='word_1_365' title='bbox 638 3542 722 3591; x_wconf 85' lang='lat'>13.</span> <span class='ocrx_word' id='word_1_366' title='bbox 769 3538 866 3591; x_wconf 84' lang='lat' dir='ltr'>A.:</span> <span class='ocrx_word' id='word_1_367' title='bbox 937 3537 1139 3591; x_wconf 81' lang='lat' dir='ltr'>Caesar</span> <span class='ocrx_word' id='word_1_368' title='bbox 1190 3538 1349 3592; x_wconf 74' lang='lat' dir='ltr'>nobis</span> <span class='ocrx_word' id='word_1_369' title='bbox 1402 3540 1614 3594; x_wconf 78' lang='lat' dir='ltr'>litteras</span> <span class='ocrx_word' id='word_1_370' title='bbox 1721 3539 1886 3593; x_wconf 83' lang='lat' dir='ltr'>stand</span> <span class='ocrx_word' id='word_1_371' title='bbox 1916 3554 2380 3609; x_wconf 85' lang='lat' dir='ltr'>ansgenommen,</span> <span class='ocrx_word' id='word_1_372' title='bbox 2419 3537 2541 3591; x_wconf 80' lang='lat' dir='ltr'>dass</span> <span class='ocrx_word' id='word_1_373' title='bbox 2570 3536 2705 3591; x_wconf 77' lang='lat' dir='ltr'>alles</span> <span class='ocrx_word' id='word_1_374' title='bbox 2730 3551 2817 3587; x_wconf 87' lang='lat' dir='ltr'>un·</span> 
     </span>
     <span class='ocr_line' id='line_1_39' title="bbox 486 3606 2818 3679; baseline -0.002 -17"><span class='ocrx_word' id='word_1_375' title='bbox 486 3610 769 3678; x_wconf 75' lang='lat' dir='ltr'>perbreves</span> <span class='ocrx_word' id='word_1_376' title='bbox 813 3608 988 3675; x_wconf 83' lang='lat' dir='ltr'>misit,</span> <span class='ocrx_word' id='word_1_377' title='bbox 1033 3624 1267 3677; x_wconf 77' lang='lat' dir='ltr'>quaram</span> <span class='ocrx_word' id='word_1_378' title='bbox 1313 3611 1614 3679; x_wconf 76' lang='lat' dir='ltr'>eaeemplam</span> <span class='ocrx_word' id='word_1_379' title='bbox 1721 3609 1917 3679; x_wconf 80' lang='lat' dir='ltr'>gewiss</span> <span class='ocrx_word' id='word_1_380' title='bbox 1955 3609 2053 3677; x_wconf 88' lang='lat' dir='ltr'>ist,</span> <span class='ocrx_word' id='word_1_381' title='bbox 2091 3607 2288 3663; x_wconf 83' lang='lat' dir='ltr'>sobald</span> <span class='ocrx_word' id='word_1_382' title='bbox 2326 3625 2457 3662; x_wconf 82' lang='lat' dir='ltr'>man</span> <span class='ocrx_word' id='word_1_383' title='bbox 2493 3626 2625 3661; x_wconf 89' lang='lat' dir='ltr'>vom</span> <span class='ocrx_word' id='word_1_384' title='bbox 2659 3606 2818 3672; x_wconf 78' lang='lat' dir='ltr'>wege</span> 
     </span>
     <span class='ocr_line' id='line_1_40' title="bbox 492 3678 2815 3750; baseline 0 -16"><span class='ocrx_word' id='word_1_385' title='bbox 492 3680 819 3747; x_wconf 77' lang='lat' dir='ltr'>subscripsi,</span> <span class='ocrx_word' id='word_1_386' title='bbox 871 3678 958 3732; x_wconf 80' lang='lat' dir='ltr'>ist</span> <span class='ocrx_word' id='word_1_387' title='bbox 1021 3681 1319 3748; x_wconf 77' lang='lat' dir='ltr'>exemplam</span> <span class='ocrx_word' id='word_1_388' title='bbox 1376 3705 1444 3726; x_wconf 81' lang='lat'>===</span> <span class='ocrx_word' id='word_1_389' title='bbox 1494 3681 1609 3735; x_wconf 85' lang='lat' dir='ltr'>Ab·</span> <span class='ocrx_word' id='word_1_390' title='bbox 1719 3681 1815 3735; x_wconf 87' lang='lat' dir='ltr'>des</span> <span class='ocrx_word' id='word_1_391' title='bbox 1854 3680 2112 3736; x_wconf 75' lang='lat' dir='ltr'>Gesetzes</span> <span class='ocrx_word' id='word_1_392' title='bbox 2153 3679 2533 3750; x_wconf 81' lang='lat' dir='ltr'>abgewichen.</span> <span class='ocrx_word' id='word_1_393' title='bbox 2574 3709 2642 3719; x_wconf 89' lang='lat'>—</span> <span class='ocrx_word' id='word_1_394' title='bbox 2667 3689 2815 3747; x_wconf 76' lang='lat' dir='ltr'>prae·</span> 
     </span>
     <span class='ocr_line' id='line_1_41' title="bbox 493 3747 2814 3823; baseline -0.001 -17"><span class='ocrx_word' id='word_1_395' title='bbox 493 3751 715 3817; x_wconf 83' lang='lat' dir='ltr'>schrift,</span> <span class='ocrx_word' id='word_1_396' title='bbox 786 3750 982 3819; x_wconf 79' lang='lat' dir='ltr'>Kopie.</span> <span class='ocrx_word' id='word_1_397' title='bbox 1094 3748 1199 3805; x_wconf 91' lang='lat' dir='ltr'>Die</span> <span class='ocrx_word' id='word_1_398' title='bbox 1263 3749 1611 3822; x_wconf 87' lang='lat' dir='ltr'>Absendung</span> <span class='ocrx_word' id='word_1_399' title='bbox 1715 3753 1882 3823; x_wconf 88' lang='lat' dir='ltr'>stari]</span> <span class='ocrx_word' id='word_1_400' title='bbox 1923 3770 1962 3805; x_wconf 88' lang='lat' dir='ltr'>s.</span> <span class='ocrx_word' id='word_1_401' title='bbox 2003 3757 2034 3817; x_wconf 66' lang='grc' dir='ltr'>ξ</span> <span class='ocrx_word' id='word_1_402' title='bbox 2065 3755 2114 3804; x_wconf 88' lang='grc'>5.</span> <span class='ocrx_word' id='word_1_403' title='bbox 2154 3781 2222 3791; x_wconf 93' lang='lat'>-</span> <span class='ocrx_word' id='word_1_404' title='bbox 2257 3752 2322 3805; x_wconf 75' lang='lat' dir='ltr'>in</span> <span class='ocrx_word' id='word_1_405' title='bbox 2356 3767 2421 3805; x_wconf 85' lang='lat' dir='ltr'>ea</span> <span class='ocrx_word' id='word_1_406' title='bbox 2454 3766 2515 3805; x_wconf 89' lang='lat' dir='ltr'>re</span> <span class='ocrx_word' id='word_1_407' title='bbox 2549 3747 2695 3820; x_wconf 82' lang='lat' dir='ltr'>ipsa]</span> <span class='ocrx_word' id='word_1_408' title='bbox 2733 3761 2814 3816; x_wconf 77' lang='lat' dir='ltr'>ge·</span> 
     </span>
     <span class='ocr_line' id='line_1_42' title="bbox 494 3819 2815 3892; baseline -0.003 -17"><span class='ocrx_word' id='word_1_409' title='bbox 494 3821 978 3889; x_wconf 73' lang='lat' dir='ltr'>,qleichlautender</span> <span class='ocrx_word' id='word_1_410' title='bbox 993 3820 1180 3887; x_wconf 74' lang='lat' dir='ltr'>Briefe</span> <span class='ocrx_word' id='word_1_411' title='bbox 1210 3823 1459 3892; x_wconf 86' lang='lat' dir='ltr'>geschah</span> <span class='ocrx_word' id='word_1_412' title='bbox 1488 3823 1609 3877; x_wconf 88' lang='lat' dir='ltr'>des·</span> <span class='ocrx_word' id='word_1_413' title='bbox 1715 3823 1850 3877; x_wconf 85' lang='lat' dir='ltr'>rade</span> <span class='ocrx_word' id='word_1_414' title='bbox 1878 3824 1937 3876; x_wconf 86' lang='lat' dir='ltr'>in</span> <span class='ocrx_word' id='word_1_415' title='bbox 1966 3824 2148 3877; x_wconf 88' lang='lat' dir='ltr'>dieser</span> <span class='ocrx_word' id='word_1_416' title='bbox 2186 3822 2322 3891; x_wconf 88' lang='lat' dir='ltr'>(und</span> <span class='ocrx_word' id='word_1_417' title='bbox 2358 3820 2417 3874; x_wconf 86' lang='lat' dir='ltr'>in</span> <span class='ocrx_word' id='word_1_418' title='bbox 2443 3819 2640 3875; x_wconf 87' lang='lat' dir='ltr'>keiner</span> <span class='ocrx_word' id='word_1_419' title='bbox 2665 3819 2815 3872; x_wconf 83' lang='lat' dir='ltr'>ande·</span> 
     </span>
    </p>
   </div>
   <div class='ocr_carea' id='block_1_6' title="bbox 491 3887 2817 4249">
    <p class='ocr_par' dir='ltr' id='par_1_9' title="bbox 492 3887 2817 4035">
     <span class='ocr_line' id='line_1_43' title="bbox 493 3887 2817 3964; baseline -0.001 -16"><span class='ocrx_word' id='word_1_420' title='bbox 493 3894 654 3960; x_wconf 88' lang='lat' dir='ltr'>halb,</span> <span class='ocrx_word' id='word_1_421' title='bbox 709 3909 805 3949; x_wconf 89' lang='lat' dir='ltr'>um</span> <span class='ocrx_word' id='word_1_422' title='bbox 860 3892 1105 3948; x_wconf 88' lang='lat' dir='ltr'>sicherer</span> <span class='ocrx_word' id='word_1_423' title='bbox 1159 3911 1227 3946; x_wconf 88' lang='lat' dir='ltr'>zu</span> <span class='ocrx_word' id='word_1_424' title='bbox 1283 3895 1429 3957; x_wconf 90' lang='lat' dir='ltr'>sein,</span> <span class='ocrx_word' id='word_1_425' title='bbox 1484 3893 1609 3948; x_wconf 86' lang='lat' dir='ltr'>dass</span> <span class='ocrx_word' id='word_1_426' title='bbox 1714 3895 1836 3963; x_wconf 91' lang='lat' dir='ltr'>ren)</span> <span class='ocrx_word' id='word_1_427' title='bbox 1865 3893 2058 3948; x_wconf 87' lang='lat' dir='ltr'>Sache.</span> <span class='ocrx_word' id='word_1_428' title='bbox 2098 3924 2168 3933; x_wconf 90' lang='lat'><strong>—</strong></span> <span class='ocrx_word' id='word_1_429' title='bbox 2203 3894 2348 3947; x_wconf 71' lang='lat' dir='ltr'>nihil</span> <span class='ocrx_word' id='word_1_430' title='bbox 2374 3892 2546 3964; x_wconf 77' lang='lat' dir='ltr'>loqui]</span> <span class='ocrx_word' id='word_1_431' title='bbox 2584 3892 2696 3945; x_wconf 86' lang='lat' dir='ltr'>Ans</span> <span class='ocrx_word' id='word_1_432' title='bbox 2722 3887 2817 3941; x_wconf 83' lang='lat' dir='ltr'>den</span> 
     </span>
     <span class='ocr_line' id='line_1_44' title="bbox 492 3961 2817 4035; baseline -0.002 -17"><span class='ocrx_word' id='word_1_433' title='bbox 492 3966 834 4033; x_wconf 82' lang='lat' dir='ltr'>wenigstens</span> <span class='ocrx_word' id='word_1_434' title='bbox 880 3963 973 4018; x_wconf 89' lang='lat' dir='ltr'>ein</span> <span class='ocrx_word' id='word_1_435' title='bbox 1008 3962 1308 4033; x_wconf 85' lang='lat' dir='ltr'>Exemplar</span> <span class='ocrx_word' id='word_1_436' title='bbox 1348 3965 1608 4020; x_wconf 70' lang='lat' dir='ltr'>ankame.</span> <span class='ocrx_word' id='word_1_437' title='bbox 1714 3965 2213 4035; x_wconf 84' lang='lat' dir='ltr'>vorhergehenden</span> <span class='ocrx_word' id='word_1_438' title='bbox 2251 3964 2479 4018; x_wconf 87' lang='lat' dir='ltr'>Worten</span> <span class='ocrx_word' id='word_1_439' title='bbox 2516 3961 2817 4017; x_wconf 80' lang='lat' dir='ltr'>arbitrabar</span> 
     </span>
    </p>

    <p class='ocr_par' dir='ltr' id='par_1_10' title="bbox 491 4034 2817 4249">
     <span class='ocr_line' id='line_1_45' title="bbox 564 4034 2817 4106; baseline -0.002 -17"><span class='ocrx_word' id='word_1_440' title='bbox 564 4043 613 4092; x_wconf 83' lang='lat'>2.</span> <span class='ocrx_word' id='word_1_441' title='bbox 670 4035 767 4091; x_wconf 85' lang='lat' dir='ltr'>Sic</span> <span class='ocrx_word' id='word_1_442' title='bbox 811 4036 1026 4106; x_wconf 83' lang='lat' dir='ltr'>habeto]</span> <span class='ocrx_word' id='word_1_443' title='bbox 1075 4053 1116 4089; x_wconf 91' lang='lat' dir='ltr'>s.</span> <span class='ocrx_word' id='word_1_444' title='bbox 1156 4055 1200 4090; x_wconf 86' lang='lat' dir='ltr'>z.</span> <span class='ocrx_word' id='word_1_445' title='bbox 1237 4037 1277 4089; x_wconf 93' lang='grc' dir='ltr'>Ι.</span> <span class='ocrx_word' id='word_1_446' title='bbox 1317 4041 1400 4090; x_wconf 83' lang='lat'>25.</span> <span class='ocrx_word' id='word_1_447' title='bbox 1439 4042 1491 4091; x_wconf 89' lang='grc'>4.</span> <span class='ocrx_word' id='word_1_448' title='bbox 1541 4066 1608 4076; x_wconf 91' lang='grc'><strong>-</strong></span> <span class='ocrx_word' id='word_1_449' title='bbox 1715 4051 1823 4090; x_wconf 85' lang='lat' dir='ltr'>esse</span> <span class='ocrx_word' id='word_1_450' title='bbox 1883 4052 2056 4091; x_wconf 79' lang='lat' dir='ltr'>meam</span> <span class='ocrx_word' id='word_1_451' title='bbox 2120 4039 2356 4104; x_wconf 67' lang='lat' dir='ltr'>erganze</span> <span class='ocrx_word' id='word_1_452' title='bbox 2435 4035 2674 4090; x_wconf 78' lang='lat' dir='ltr'>arbitror</span> <span class='ocrx_word' id='word_1_453' title='bbox 2731 4034 2817 4084; x_wconf 79' lang='lat' dir='ltr'>etc.</span> 
     </span>
     <span class='ocr_line' id='line_1_46' title="bbox 491 4105 2817 4176; baseline -0.001 -16"><span class='ocrx_word' id='word_1_454' title='bbox 491 4109 584 4160; x_wconf 81' lang='lat' dir='ltr'>sed</span> <span class='ocrx_word' id='word_1_455' title='bbox 646 4110 827 4161; x_wconf 75' lang='lat' dir='ltr'>tamen</span> <span class='ocrx_word' id='word_1_456' title='bbox 918 4125 1015 4160; x_wconf 88' lang='lat' dir='ltr'>zur</span> <span class='ocrx_word' id='word_1_457' title='bbox 1077 4106 1607 4161; x_wconf 84' lang='lat' dir='ltr'>Wiederaufnahme</span> <span class='ocrx_word' id='word_1_458' title='bbox 1717 4107 1845 4176; x_wconf 87' lang='lat' dir='ltr'>Vgl.</span> <span class='ocrx_word' id='word_1_459' title='bbox 1895 4106 1988 4161; x_wconf 86' lang='grc' dir='ltr'><strong>ΙΙΙ.</strong></span> <span class='ocrx_word' id='word_1_460' title='bbox 2040 4110 2120 4162; x_wconf 84' lang='grc'><strong>15.</strong></span> <span class='ocrx_word' id='word_1_461' title='bbox 2170 4112 2231 4160; x_wconf 78' lang='lat'>4:</span> <span class='ocrx_word' id='word_1_462' title='bbox 2295 4106 2439 4160; x_wconf 79' lang='lat' dir='ltr'>duxi</span> <span class='ocrx_word' id='word_1_463' title='bbox 2492 4105 2696 4176; x_wconf 88' lang='lat' dir='ltr'>(duco).</span> <span class='ocrx_word' id='word_1_464' title='bbox 2756 4127 2817 4140; x_wconf 88' lang='lat'>-·</span> 
     </span>
     <span class='ocr_line' id='line_1_47' title="bbox 493 4168 2817 4249; baseline -0.002 -20"><span class='ocrx_word' id='word_1_465' title='bbox 493 4177 590 4229; x_wconf 86' lang='lat' dir='ltr'>des</span> <span class='ocrx_word' id='word_1_466' title='bbox 648 4176 840 4230; x_wconf 81' lang='lat' dir='ltr'>Gedan</span> <span class='ocrx_word' id='word_1_467' title='bbox 885 4193 982 4231; x_wconf 87' lang='lat' dir='ltr'>ens</span> <span class='ocrx_word' id='word_1_468' title='bbox 1045 4178 1150 4231; x_wconf 86' lang='lat' dir='ltr'>wie</span> <span class='ocrx_word' id='word_1_469' title='bbox 1213 4177 1254 4232; x_wconf 93' lang='lat' dir='ltr'>I.</span> <span class='ocrx_word' id='word_1_470' title='bbox 1317 4183 1370 4233; x_wconf 87' lang='lat'>5.</span> <span class='ocrx_word' id='word_1_471' title='bbox 1423 4184 1472 4232; x_wconf 87' lang='grc'><strong>2.</strong></span> <span class='ocrx_word' id='word_1_472' title='bbox 1541 4209 1606 4218; x_wconf 92' lang='lat'>--</span> <span class='ocrx_word' id='word_1_473' title='bbox 1714 4177 1976 4247; x_wconf 75' lang='lat' dir='ltr'>Effuyere</span> <span class='ocrx_word' id='word_1_474' title='bbox 2022 4219 2035 4233; x_wconf 91' lang='lat'><strong>.</strong></span> <span class='ocrx_word' id='word_1_475' title='bbox 2083 4220 2096 4234; x_wconf 97' lang='lat'><strong>.</strong></span> <span class='ocrx_word' id='word_1_476' title='bbox 2141 4177 2378 4249; x_wconf 81' lang='lat' dir='ltr'>famam]</span> <span class='ocrx_word' id='word_1_477' title='bbox 2431 4202 2496 4221; x_wconf 83' lang='lat'>==</span> <span class='ocrx_word' id='word_1_478' title='bbox 2537 4191 2692 4230; x_wconf 86' lang='lat' dir='ltr'>wenn</span> <span class='ocrx_word' id='word_1_479' title='bbox 2734 4168 2817 4225; x_wconf 85' lang='lat' dir='ltr'>ich</span> 
     </span>
    </p>
   </div>
   <div class='ocr_carea' id='block_1_7' title="bbox 490 4241 2814 4462">
    <p class='ocr_par' dir='ltr' id='par_1_11' title="bbox 490 4241 2814 4462">
     <span class='ocr_line' id='line_1_48' title="bbox 491 4241 2814 4321; baseline -0 -22"><span class='ocrx_word' id='word_1_480' title='bbox 491 4247 741 4316; x_wconf 77' lang='lat' dir='ltr'>istorum]</span> <span class='ocrx_word' id='word_1_481' title='bbox 775 4249 871 4300; x_wconf 85' lang='lat' dir='ltr'>der</span> <span class='ocrx_word' id='word_1_482' title='bbox 892 4246 1236 4317; x_wconf 69' lang='lat' dir='ltr'>casarianer.</span> <span class='ocrx_word' id='word_1_483' title='bbox 1258 4281 1322 4289; x_wconf 97' lang='lat'><strong>—</strong></span> <span class='ocrx_word' id='word_1_484' title='bbox 1343 4248 1425 4304; x_wconf 90' lang='lat' dir='ltr'>sic</span> <span class='ocrx_word' id='word_1_485' title='bbox 1442 4251 1607 4317; x_wconf 83' lang='lat' dir='ltr'>color,</span> <span class='ocrx_word' id='word_1_486' title='bbox 1717 4248 1845 4321; x_wconf 64' lang='lat' dir='ltr'>dem</span> <span class='ocrx_word' id='word_1_487' title='bbox 1902 4248 2132 4317; x_wconf 85' lang='lat' dir='ltr'>Gerede‚</span> <span class='ocrx_word' id='word_1_488' title='bbox 2190 4248 2310 4302; x_wconf 80' lang='lat' dir='ltr'>dass</span> <span class='ocrx_word' id='word_1_489' title='bbox 2367 4247 2550 4317; x_wconf 85' lang='lat' dir='ltr'>einige</span> <span class='ocrx_word' id='word_1_490' title='bbox 2606 4241 2814 4310; x_wconf 78' lang='lat' dir='ltr'>witzige</span> 
     </span>
     <span class='ocr_line' id='line_1_49' title="bbox 490 4317 2814 4389; baseline -0.001 -20"><span class='ocrx_word' id='word_1_491' title='bbox 490 4319 572 4370; x_wconf 86' lang='lat' dir='ltr'>sic</span> <span class='ocrx_word' id='word_1_492' title='bbox 590 4317 861 4387; x_wconf 83' lang='lat' dir='ltr'>observor]</span> <span class='ocrx_word' id='word_1_493' title='bbox 890 4319 1021 4384; x_wconf 84' lang='lat' dir='ltr'>„ich</span> <span class='ocrx_word' id='word_1_494' title='bbox 1043 4319 1227 4374; x_wconf 84' lang='lat' dir='ltr'>werde</span> <span class='ocrx_word' id='word_1_495' title='bbox 1256 4321 1361 4373; x_wconf 87' lang='lat' dir='ltr'>mit</span> <span class='ocrx_word' id='word_1_496' title='bbox 1388 4320 1610 4374; x_wconf 85' lang='lat' dir='ltr'>solcher</span> <span class='ocrx_word' id='word_1_497' title='bbox 1715 4319 2105 4389; x_wconf 80' lang='lat' dir='ltr'>Ausserungen</span> <span class='ocrx_word' id='word_1_498' title='bbox 2168 4336 2276 4375; x_wconf 85' lang='lat' dir='ltr'>von</span> <span class='ocrx_word' id='word_1_499' title='bbox 2341 4319 2448 4373; x_wconf 91' lang='lat' dir='ltr'>mir</span> <span class='ocrx_word' id='word_1_500' title='bbox 2508 4317 2814 4378; x_wconf 55' lang='lat' dir='ltr'>herriihrem</span> 
     </span>
     <span class='ocr_line' id='line_1_50' title="bbox 492 4385 2807 4462; baseline 0.001 -25"><span class='ocrx_word' id='word_1_501' title='bbox 492 4385 1006 4442; x_wconf 85' lang='lat' dir='ltr'>Aufmerksamkeit</span> <span class='ocrx_word' id='word_1_502' title='bbox 1053 4391 1170 4444; x_wconf 90' lang='lat' dir='ltr'>und</span> <span class='ocrx_word' id='word_1_503' title='bbox 1205 4390 1427 4446; x_wconf 89' lang='lat' dir='ltr'>solcher</span> <span class='ocrx_word' id='word_1_504' title='bbox 1461 4389 1607 4445; x_wconf 90' lang='lat' dir='ltr'>Ach-</span> <span class='ocrx_word' id='word_1_505' title='bbox 1716 4408 1817 4445; x_wconf 81' lang='lat' dir='ltr'>aus</span> <span class='ocrx_word' id='word_1_506' title='bbox 1846 4392 1976 4446; x_wconf 90' lang='lat' dir='ltr'>dem</span> <span class='ocrx_word' id='word_1_507' title='bbox 2002 4392 2172 4462; x_wconf 86' lang='lat' dir='ltr'>Wege</span> <span class='ocrx_word' id='word_1_508' title='bbox 2202 4390 2384 4461; x_wconf 84' lang='lat' dir='ltr'>gehen</span> <span class='ocrx_word' id='word_1_509' title='bbox 2413 4389 2613 4445; x_wconf 84' lang='lat' dir='ltr'>wollte.</span> <span class='ocrx_word' id='word_1_510' title='bbox 2669 4386 2807 4440; x_wconf 77' lang='lat' dir='ltr'>Fam.</span> 
     </span>
    </p>
   </div>
   <div class='ocr_carea' id='block_1_8' title="bbox 2942 3860 2948 4879">
    <p class='ocr_par' dir='ltr' id='par_1_12' title="bbox 2942 3860 2948 4879">
     <span class='ocr_line' id='line_1_51' title="bbox 2942 3860 2948 4879; baseline 0 0"><span class='ocrx_word' id='word_1_511' title='bbox 2942 3860 2948 4879; x_wconf 95' lang='lat' dir='ltr'> </span> 
     </span>
    </p>
   </div>
  </div>
 </body>
</html>
