3000 4917
419 223 504 288 36
1238 222 1374 277 ΜΒ.
1410 222 1452 277 1.
1489 222 1710 277 EPIST.
1753 228 1837 278 12.
1878 229 1963 277 13.

417 386 880 452 florentissima
941 385 1226 468 fuerunt,
1289 407 1460 450 nunc
1527 388 1858 469 prostrata
1922 387 1988 449 et
2051 385 2265 450 diruta
2330 391 2479 451 ante
2540 389 2772 454 oculos

417 477 649 542 iacent.
731 474 931 560 Coepi
976 479 1235 559 egomet
1279 495 1535 539 mecum
1580 475 1673 538 sic
1718 474 2033 559 cogitare:
2082 473 2282 539 ‘heml
2327 497 2447 540 nos
2491 476 2773 541 homun-

418 565 549 630 culi
592 565 1021 649 indignamur,
1069 564 1126 627 si
1171 565 1314 649 quis
1357 566 1653 628 nostrum
1696 563 1946 627 interiit
1991 566 2104 627 aut
2148 564 2397 629 occisus
2444 568 2563 649 est,
2609 588 2772 650 quo-

416 676 563 718 rum
607 654 747 719 vita
790 653 1051 718 brevior
1096 674 1236 717 esse
1285 651 1493 736 debet,
1539 674 1688 716 cum
1731 673 1861 716 uno
1907 651 2051 716 loco
2096 655 2199 716 tot
2236 652 2544 737 oppidum
2582 654 2776 720 cada-

414 764 567 807 vera
604 741 894 827 proiecta
927 742 1186 806 iacent?
1259 740 1463 806 Visne
1498 744 1571 804 tu
1599 744 1682 822 te,
1730 738 1932 823 Servi,
1969 740 2269 805 cohibere
2299 744 2363 805 et
2391 744 2771 809 meminisse

413 830 746 896 hominem
808 834 874 894 te
939 852 1080 896 esse
1137 827 1430 894 natum?'
1534 826 1737 894 Crede
1794 828 1983 913 mihi,
2047 830 2444 915 cogitatione
2499 852 2576 897 ea
2629 853 2772 897 non

414 920 825 985 mediocriter
883 941 1026 984 sum
1083 919 1518 984 confirmatus.
1609 916 1752 982 Hoc
1797 916 1996 1001 idem,
2052 918 2109 982 si
2153 918 2279 983 tibi
2321 919 2605 1005 videtur,
2659 920 2771 988 fac

415 1013 568 1073 ante
606 1009 829 1074 oculos
864 1009 990 1073 tibi
1024 1030 1380 1093 proponas:
1418 1005 1611 1071 modo
1652 1028 1781 1070 uno
1817 1010 2111 1091 tempore
2139 1010 2241 1071 tot
2273 1008 2394 1072 viri
2422 1008 2775 1076 clarissimi

410 1099 822 1180 interierunt,
880 1097 956 1161 de
1009 1097 1286 1181 imperio
1342 1095 1571 1179 populi
1616 1094 1896 1160 Romani
1952 1098 2143 1161 tanta
2190 1095 2545 1162 deminutio
2591 1098 2773 1164 facta

411 1189 530 1269 est,
576 1208 802 1251 omnes
847 1186 1222 1269 provinciae
1269 1188 1738 1269 conquassatae
1782 1187 1959 1250 sunt:
2005 1184 2075 1247 in
2111 1185 2303 1249 unius
2340 1185 2765 1254 mulierculae

413 1275 702 1339 animula
758 1274 813 1339 si
866 1275 1117 1338 iactura
1169 1274 1347 1338 facta
1403 1277 1530 1357 est,
1584 1276 1769 1338 tanto
1819 1294 2010 1357 opere
2055 1274 2528 1340 commoveris?
2593 1299 2769 1361 quae

414 1364 471 1428 si
533 1363 658 1428 hoc
722 1366 1018 1446 tempore
1079 1384 1213 1428 non
1277 1364 1448 1427 diem
1511 1383 1697 1426 suum
1755 1361 2029 1446 obisset,
2091 1362 2315 1446 paucis
2369 1367 2522 1446 post
2578 1367 2770 1431 annis

333 1450 377 1516 5
413 1457 635 1517 tamen
681 1453 740 1516 ei
786 1451 1191 1517 moriendum
1237 1451 1379 1535 fuit,
1427 1451 1735 1535 quoniam
1780 1451 1978 1515 homo
2027 1454 2182 1515 nata
2225 1451 2458 1516 fuerat.
2539 1452 2770 1519 Etiam

412 1544 490 1605 tu
536 1541 619 1606 ab
664 1540 841 1605 hisce
888 1541 1080 1605 rebus
1128 1541 1417 1607 animum
1464 1561 1539 1604 ac
1587 1540 2052 1625 cogitationem
2101 1543 2281 1604 tuam
2329 1562 2532 1605 avoca
2570 1546 2771 1626 atque

414 1651 492 1694 ea
555 1630 775 1714 potius
831 1630 1265 1709 reminiscere,
1332 1650 1496 1714 quae
1552 1627 1747 1713 digna
1802 1631 1919 1692 tua
1974 1650 2255 1713 persona
2311 1632 2491 1695 sunt:
2552 1630 2770 1717 illam,

415 1719 721 1804 quamdiu
770 1719 830 1784 ei
877 1740 1038 1801 opus
1083 1718 1295 1797 fuerit,
1341 1718 1597 1799 vixisse,
1642 1740 1771 1783 una
1818 1739 1963 1782 cum
2004 1738 2074 1781 re
2112 1718 2373 1801 publica
2409 1716 2631 1804 fuisse,
2677 1725 2769 1806 te,

411 1811 664 1893 patrem
705 1829 911 1890 suum,
946 1811 1329 1891 praetorem,
1369 1806 1721 1890 consulem,
1758 1827 2068 1891 augurem
2095 1806 2351 1890 vidisse,
2389 1807 2768 1874 adulescen-

410 1897 586 1962 tibus
624 1896 952 1980 primariis
988 1898 1261 1979 nuptam
1297 1895 1519 1978 fuisse,
1558 1895 1859 1960 omnibus
1898 1895 2086 1959 bonis
2118 1916 2321 1980 prope
2350 1896 2769 1979 perfunctam

413 2007 582 2069 esse3
629 2006 775 2050 cum
821 2006 924 2049 res
972 1985 1235 2069 publica
1273 1984 1610 2069 occideret,
1657 1984 1793 2049 vita
1831 1983 2209 2049 excessisse:
2258 1983 2412 2068 quid
2449 1988 2550 2050 est
2589 1987 2766 2071 quod

410 2079 486 2138 tu
531 2077 646 2138 aut
690 2074 805 2138 illa
853 2095 997 2138 cum
1043 2073 1304 2139 fortuna
1347 2074 1472 2139 hoc
1518 2073 1779 2138 nomine
1828 2072 2011 2157 queri
2054 2071 2374 2157 possitis?

588 2162 880 2247 Denique
925 2163 1060 2228 noli
1103 2166 1170 2227 te
1218 2161 1518 2227 oblivisci
1556 2160 1928 2227 Ciceronem
1967 2182 2107 2225 esse
2144 2165 2212 2226 et
2248 2183 2413 2246 eum,
2460 2163 2569 2246 qui
2609 2164 2762 2230 aliis

412 2251 741 2316 consueris
797 2251 1170 2337 praecipere
1227 2256 1293 2316 et
1347 2252 1499 2317 dare
1556 2250 1925 2334 consilium,
1986 2270 2193 2334 neque
2247 2249 2492 2315 imitari
2550 2253 2764 2319 malos

411 2340 713 2421 medicos,
760 2341 870 2424 qui
913 2342 983 2404 in
1030 2340 1259 2406 alienis
1305 2340 1551 2405 morbis
1598 2339 1984 2424 profitentur
2026 2342 2248 2403 tenere
2285 2361 2353 2403 se
2391 2339 2764 2407 medicinae

411 2428 778 2508 scientiam,
833 2429 961 2513 ipsi
1017 2450 1086 2493 se
1142 2451 1363 2495 curare
1418 2450 1552 2493 non
1597 2432 1897 2513 possunt3
1956 2427 2066 2491 sed
2111 2428 2346 2511 potiUS‚
2403 2450 2566 2513 quae
2614 2430 2763 2496 aliis

409 2521 548 2583 tute
593 2519 963 2601 praecipere
1010 2519 1210 2601 soles,
1260 2540 1336 2582 ea
1380 2520 1521 2582 tute
1568 2518 1694 2582 tibi
1742 2516 1961 2582 subice
2009 2520 2202 2601 atque
2250 2516 2421 2600 apud
2467 2519 2763 2585 animum

331 2604 372 2668 6
409 2628 716 2692 propone.
806 2605 1039 2672 Nullus
1087 2607 1273 2672 dolor
1319 2610 1448 2689 est,
1504 2628 1693 2691 quem
1749 2627 1883 2670 non
1936 2605 2384 2691 longinquitas
2441 2608 2761 2690 temporis

409 2696 664 2760 minuat
709 2717 784 2760 ac
830 2696 1106 2760 molliat:
1152 2696 1277 2761 hoc
1321 2698 1388 2759 te
1435 2698 1805 2780 exspectare
1850 2698 2110 2778 tempus
2151 2694 2277 2759 tibi
2312 2697 2505 2778 turpe
2545 2700 2645 2760 est
2682 2719 2763 2763 ac

407 2806 543 2849 non
581 2785 637 2848 ei
682 2784 777 2849 rei
816 2783 1136 2868 sapientia
1171 2787 1287 2849 tua
1323 2787 1388 2848 te
1426 2805 1778 2849 occurrere.
1852 2781 2038 2858 Quod
2077 2782 2272 2867 siqui
2302 2784 2500 2847 etiam
2528 2784 2762 2851 inferis

1636 2975 1906 3030 Dichtern
1942 2973 2032 3028 ffir
2069 2975 2168 3030 das
2200 2974 2507 3030 klassische
2535 2982 2764 3034 mortem

1636 3046 1799 3101 obire.

1709 3121 1757 3173 5.
1794 3121 1898 3171 tua'
1935 3118 2199 3188 persona]
2252 3115 2493 3187 „Deiner
2527 3122 2762 3187 person-

1636 3188 1826 3242 lichen
1861 3188 2127 3257 Wfirde,“
2164 3205 2207 3242 s.
2243 3207 2287 3242 z.
2325 3187 2420 3242 III.
2451 3192 2536 3243 26.
2570 3193 2654 3243 10.
2686 3219 2759 3231 -

1636 3258 1831 3329 fuisse]
1905 3258 2012 3313 mit
2074 3258 2329 3314 verbaler
2392 3256 2759 3331 Bedeutung=

1638 3328 1720 3384 sie
1782 3329 1884 3384 hat
1944 3330 2092 3385 noch
2261 3328 2413 3384 leich
2465 3329 2571 3384 mit
2626 3331 2762 3386 dem

1634 3399 1829 3455 Staate
1865 3400 2072 3469 gelebt‚
2109 3400 2199 3454 ihr
2272 3401 2415 3470 eben
2450 3400 2545 3455 fiel
2572 3399 2632 3455 in
2658 3401 2759 3457 die

1632 3469 1757 3526 Zeit
1783 3470 1881 3525 des
1905 3470 2083 3525 freien
2102 3471 2340 3539 Staates‚
2365 3470 2465 3525 der
2482 3471 2763 3543 Ausgang

1632 3541 1782 3597 ihres
1810 3541 2042 3609 Lebens‚
2071 3542 2179 3597 wie
2209 3541 2470 3611 zugleich
2496 3544 2761 3599 erwahnt

1632 3612 1799 3681 wird,
1845 3611 1953 3667 mit
1998 3613 2126 3668 dem
2163 3613 2319 3668 Ende
2363 3613 2461 3668 der
2496 3613 2758 3671 Freiheit

1634 3698 1970 3738 zusammen.
2000 3714 2067 3724 —
2096 3684 2194 3739 hoe
2219 3684 2388 3755 nom]
2418 3683 2525 3739 wie
2551 3683 2594 3739 Ι.
2625 3692 2676 3740 4.
2700 3692 2755 3741 4.

1632 3755 1810 3825 queri]
1838 3754 2065 3810 hadern.
2098 3786 2160 3794 -
2182 3771 2352 3824 neque
2377 3756 2613 3826 imitari]
2644 3755 2756 3814 Inf.

1633 3842 1744 3881 von
1779 3826 1897 3880 noli
1932 3826 2246 3895 abhangig,
2284 3843 2326 3882 s,
2364 3825 2458 3880 IV.
2500 3832 2587 3882 24.
2628 3833 2676 3882 1.

1704 3902 1753 3952 6.
1790 3897 2010 3952 minuat
2036 3913 2103 3951 ac
2127 3897 2365 3968 molliat]
2398 3899 2570 3952 etwa:
2607 3899 2757 3954 min-

419 2974 610 3045 Visne]
666 2974 839 3029 willst
883 2974 958 3028 du
1001 2975 1196 3030 nicht?
1269 2973 1435 3030 Catil.
1481 2974 1526 3030 I.

411 3051 459 3100 3.
495 3052 551 3099 ⁷:
588 3044 988 3100 meministine?
1026 3046 1188 3101 Tusc.
1217 3045 1284 3101 Π.
1314 3051 1400 3101 26.
1432 3051 1527 3101 623

421 3115 789 3171 Videmusne?
813 3147 879 3156 —
896 3118 1161 3172 hominem
1179 3123 1218 3173 t.
1243 3133 1285 3172 e.
1310 3117 1527 3186 natum]

410 3187 529 3242 Att.
578 3185 699 3243 XV.
745 3193 793 3241 1.
833 3193 890 3241 1:
936 3204 1002 3242 ea
1047 3189 1362 3244 condicione
1405 3189 1532 3243 nati

409 3272 623 3325 eumue,
677 3264 742 3312 ut
783 3259 951 3325 nihil,
997 3260 1142 3329 quod
1184 3260 1394 3314 homini
1441 3276 1529 3314 ac-

411 3329 588 3384 cidere
615 3330 811 3399 possit,
846 3345 1095 3385 recusare
1127 3331 1428 3386 debeamus.
1461 3360 1529 3369 —

408 3399 590 3471 modo]
631 3401 775 3454 noch
813 3417 916 3455 vor
949 3401 1196 3470 kurzem,
1230 3401 1402 3455 naml.
1432 3398 1527 3455 bei

408 3469 713 3525 Pharsalus
778 3471 891 3525 und
951 3472 1013 3526 in
1066 3472 1176 3527 den
1227 3471 1526 3542 folgenden

409 3540 702 3611 Kampfen.
726 3573 793 3582 —
811 3543 1065 3615 imperio]
1095 3542 1254 3598 nicht
1272 3543 1372 3597 der
1390 3541 1524 3596 Um·-

409 3613 549 3680 fang
591 3612 689 3666 des
725 3612 987 3682 Reiches‚
1032 3613 1169 3668 aber
1204 3613 1294 3667 die
1332 3612 1529 3668 Macht

412 3682 509 3737 des
564 3683 701 3752 Pop.
747 3684 906 3740 Rom.
961 3701 1077 3739 war
1131 3683 1525 3755 geschmalert.

409 3770 688 3880 ὢῖἔιζέὲ.
707 3753 1530 3896 ‘'fflissffsgtffifffiffl

409 3896 525 3950 und
570 3895 670 3951 des
717 3896 1034 3967 Pompejus.
1073 3927 1140 3937 —-
1175 3898 1527 3952 mulierculae

409 3967 685 4038 animula]
708 3966 781 4022 So
800 3967 1041 4037 passend
1062 3967 1153 4024 die
1163 3967 1525 4023 Deminutiva

409 4037 535 4092 hier
562 4038 705 4107 sind,
730 4040 955 4094 konnen
982 4037 1086 4094 wir
1103 4039 1181 4094 sie
1200 4039 1346 4095 doch
1365 4039 1526 4093 nicht

410 4107 814 4177 wiedergeben.
940 4099 1241 4165 Ubersetze
1349 4111 1522 4164 etwa=

408 4179 746 4247 „schwaehee
771 4182 1066 4237 weibliches
1095 4180 1341 4236 Wesen.“
1373 4167 1423 4234 U

412 4250 521 4304 den
559 4248 853 4306 Gebrauch
889 4252 988 4308 der
1013 4251 1377 4308 Deminutiva
1405 4269 1445 4306 s.
1476 4270 1521 4305 z.

410 4320 455 4376 1.
488 4326 533 4375 1.
565 4326 614 4376 3.
650 4352 723 4361 —-
757 4323 898 4377 diem
931 4339 974 4379 ε.
1004 4323 1220 4395 obisset]
1256 4323 1355 4377 der
1380 4324 1523 4377 Aus-

412 4391 591 4447 druck
653 4392 829 4448 findet
889 4393 1007 4449 sich
1058 4394 1153 4450 bei
1206 4394 1314 4449 den
1368 4392 1524 4448 alten

1425 4180 1525 4234 ber

1631 3969 1750 4023 dert
1787 3968 1908 4023 und
1941 3969 2172 4023 mildert.
2212 3998 2280 4008 —
2316 3969 2416 4023 hoc
2449 3973 2500 4023 te
2535 3984 2756 4038 esc-spec-

1629 4037 1771 4109 tare]
1820 4038 1945 4093 dem
1981 4037 2208 4093 Weisen
2250 4040 2329 4094 ist
2374 4054 2433 4092 es
2481 4037 2754 4109 schimpf·

1629 4109 1772 4175 lich‚
1820 4127 1888 4163 zu
1931 4111 2171 4178 warten,
2215 4109 2303 4164 bis
2348 4109 2441 4164 die
2478 4110 2602 4164 Zeit
2638 4111 2757 4167 den

1633 4180 1890 4235 Schmerz
1927 4180 2160 4250 lindert‚
2199 4196 2260 4236 er
2292 4180 2439 4235 muse
2474 4180 2758 4238 vielm0hr

1630 4266 1813 4321 gegen
1850 4249 1957 4306 den
1992 4250 2253 4307 Schmerz
2289 4252 2495 4306 ankam
2536 4253 2647 4308 fen.
2677 4284 2752 4294 —

1629 4327 1680 4377 te
1734 4322 2063 4393 exspectare]
2122 4326 2188 4378 st.
2242 4323 2340 4378 des
2387 4324 2483 4379 blo
2509 4340 2608 4379 sen
2651 4323 2753 4379 In-

1628 4391 1855 4449 finitive.
1912 4394 2128 4450 Anders
2156 4395 2251 4449 bei
2279 4393 2473 4450 Cicero
2496 4393 2575 4449 im
2604 4393 2751 4466 folg.
