3000 4917
54 105 57 262 l
985 188 1049 254 Q.
1088 187 1394 242 TULLlUs
1434 186 1711 243 CICERO.
2430 187 2518 252 63

188 347 257 412 de
300 349 485 413 nobis
534 350 776 433 optime
822 350 1126 414 meritum
1173 353 1239 413 et
1284 372 1400 433 per
1444 371 1565 413 nos
1613 370 1758 413 cum
1804 370 1873 412 re
1918 348 2178 433 publica
2223 350 2521 415 coniunc-

54 429 57 568 1
187 442 317 500 tum
353 442 417 501 et
453 460 492 501 a
528 437 718 502 nobis
757 442 823 502 et
859 460 898 501 a
933 459 1002 501 re
1037 438 1303 521 publica
1339 437 1776 523 diiungemus3
1820 436 1922 501 sin
1962 441 2180 501 autem
2217 439 2519 504 omnibus

187 525 248 588 in
299 526 489 589 rebus
548 525 997 609 obsequemur,
1061 526 1351 591 funditus
1409 548 1518 590 eos
1575 525 1786 609 perire
1841 526 2190 610 patiemur,
2247 548 2538 610 quorum·

184 635 305 677 non
339 609 532 680 modo
570 614 782 697 saluti,
820 615 931 679 sed
970 615 1168 679 etiam
1206 614 1561 679 commodis
1600 614 1934 678 consulere
1962 613 2285 678 debemus,
2339 614 2521 680 Haec

187 706 276 765 est
325 724 479 785 una,
539 704 593 766 si
649 724 796 767 vere
853 703 1138 787 cogitare
1193 703 1519 787 volumus,
1574 703 1642 766 in
1688 705 1830 766 toto
1874 701 2148 786 imperio
2195 706 2308 767 tuo
2357 703 2521 767 diffi-

190 790 407 854 cultas:
446 812 601 854 nam
638 812 777 856 esse
817 792 1268 877 abstinentem,
1304 792 1634 856 continere
1673 812 1896 855 omnes
1926 790 2331 874 cupiditates,
2367 814 2521 856 suos

187 882 484 961 coercere,
531 879 690 943 iuris
740 879 1145 963 aequabilem
1181 883 1400 944 tenere
1437 880 1777 960 rationem,
1820 877 2078 943 facilem
2116 900 2183 942 se
2221 879 2289 942 in
2327 881 2519 944 rebus

185 967 654 1050 cognoscendiS,
699 967 768 1031 in
813 967 1186 1032 hominibus
1235 968 1567 1032 audiendis
1615 966 2160 1051 admittendisque
2206 967 2518 1050 praebere

184 1054 576 1137 praeclarum
622 1057 834 1141 magis
884 1060 983 1120 est
1029 1078 1225 1141 quam
1272 1056 1558 1121 difficile:
1603 1076 1735 1120 non
1783 1058 1885 1120 est
1921 1057 2088 1120 enim
2127 1057 2412 1138 positum
2448 1056 2519 1119 in

183 1142 391 1207 labore
449 1145 698 1227 aliqu0‚
753 1144 863 1209 sed
920 1144 991 1208 in
1047 1144 1323 1229 quadam
1376 1144 1749 1209 inductione
1809 1145 2005 1208 animi
2056 1148 2122 1207 et
2168 1145 2518 1209 voluntate.

182 1228 293 1294 Illa
351 1254 547 1296 causa
601 1233 1094 1315 publicanorum
1150 1236 1463 1317 quantam
1521 1233 1946 1297 acerbitatem
2003 1232 2254 1297 adferat
2310 1233 2521 1315 sociis,
2538 1234 2624 1299 33

182 1319 605 1385 intelleximus
644 1343 720 1384 ex
758 1321 1027 1405 civibus,
1073 1322 1187 1405 qui
1226 1343 1431 1405 nuper
1476 1322 1546 1385 in
1592 1320 1899 1403 portoriis
1937 1319 2171 1386 Italiae
2208 1320 2517 1386 tollendis

182 1428 305 1471 non
359 1412 499 1473 tam
562 1409 639 1473 de
695 1410 983 1492 portorio
1044 1432 1238 1493 quam
1295 1409 1373 1474 de
1427 1409 1760 1475 nonnullis
1815 1409 2068 1473 iniuriis
2124 1411 2518 1493 portitorum
2584 1453 2591 1459 ·

185 1497 638 1580 querebantur3
697 1519 894 1581 quare
939 1519 1070 1562 non
1115 1499 1374 1582 ignom,
1420 1497 1576 1582 quid
1623 1497 1814 1563 sociis
1864 1496 2111 1561 accidat
2157 1499 2226 1562 in
2272 1499 2518 1563 ultimis

183 1585 383 1669 terris,
447 1608 594 1650 cum
660 1585 973 1650 audierim
1036 1588 1104 1650 in
1158 1585 1353 1651 Italia
1418 1586 1711 1670 querelas
1772 1586 2027 1650 civium.
2127 1585 2251 1650 Hic
2306 1595 2370 1650 te
2425 1589 2522 1651 ita

184 1675 442 1756 versari,
497 1679 575 1738 ut
621 1678 686 1738 et
729 1674 1094 1758 publicanis
1144 1674 1509 1739 satisfacias
1520 1724 1537 1757 ,
1592 1675 1980 1757 praesertim
2019 1675 2299 1756 publicis
2345 1676 2516 1739 male

185 1761 544 1846 redempti8‚
595 1766 659 1826 et
697 1762 905 1827 socios
942 1762 1153 1846 perire
1190 1785 1324 1828 non
1363 1763 1559 1845 sinas,
1597 1762 1853 1826 divinae
1889 1762 2219 1827 cuiusdam
2254 1763 2521 1827 virtutis

189 1868 316 1913 esse
360 1851 643 1933 videtur,
689 1850 756 1914 id
804 1854 903 1914 est
947 1854 1117 1916 tuae.
1207 1851 1305 1916 Ac
1352 1852 1633 1934 primum
1679 1849 1942 1915 Graecis
1986 1850 2082 1933 id,
2129 1851 2301 1935 quod
2347 1873 2519 1916 acer-

186 1936 512 2003 bissimum
572 1942 696 2021 est,
756 1939 928 2023 quod
985 1943 1137 2004 sunt
1190 1940 1571 2025 vectigales,
1624 1961 1756 2004 non
1811 1940 1906 2003 ita
1961 1940 2261 2005 acerbum
2318 1939 2522 2004 videri

188 2024 385 2109 debet,
448 2030 795 2111 propterea
860 2027 1029 2110 quod
1094 2028 1232 2093 sine
1290 2028 1565 2111 imperio
1620 2028 1846 2111 populi
1900 2027 2181 2093 Romani
2236 2028 2369 2093 suis
2424 2029 2519 2092 in-

189 2113 422 2179 stitutis
469 2136 590 2199 per
636 2137 703 2179 se
750 2115 878 2199 ipsi
920 2115 1018 2179 ita
1060 2116 1353 2200 fuerunt3
1400 2137 1640 2181 nomen
1682 2119 1899 2181 autem
1934 2117 2265 2199 publicani
2303 2135 2519 2200 asper-

186 2203 316 2266 nari
357 2226 494 2268 non
541 2208 834 2287 possunt,
881 2204 989 2287 qui
1033 2205 1313 2289 pendere
1348 2205 1478 2289 ipsi
1516 2204 1795 2289 vectigal
1834 2205 1972 2269 sine
2009 2205 2351 2288 publicano
2388 2227 2521 2270 non

186 2293 534 2374 potuerint,
598 2292 767 2375 quod
831 2291 912 2356 iis
981 2294 1336 2377 aequaliter
1393 2291 1575 2358 Sulla
1631 2292 2077 2376 descripserat.
2175 2291 2323 2357 Non
2380 2315 2520 2358 esse

187 2382 388 2444 autem
433 2380 714 2445 leniores
760 2381 830 2444 in
877 2382 1206 2466 exigendis
1244 2381 1674 2466 vectigalibus
1694 2379 1990 2446 Graecos
2031 2402 2225 2464 quam
2262 2385 2522 2445 nostros

189 2584 228 2625 c.
262 2587 317 2624 re
342 2588 419 2653 Ρ..
443 2571 615 2642 coia]
664 2571 719 2624 in
770 2573 979 2627 seinem
1022 2572 1299 2654 Konsulat
1405 2571 1547 2625 Rom
1576 2569 1679 2624 auf
1693 2569 1910 2624 5Jahre
1930 2569 2076 2651 nach
2097 2568 2521 2651 Stadtbezirken

188 2638 331 2695 hatte
346 2642 559 2723 ’Cicero
597 2643 772 2696 durch
810 2643 902 2697 die
930 2641 1300 2725 Verbindung
1407 2658 1474 2695 ve
1496 2710 1508 2722 Ο
1545 2641 1753 2707 achtet,
1781 2638 1962 2694 wobei
1992 2640 2083 2694 die
2105 2639 2403 2695 Publicani
2430 2660 2521 2695 zu-

189 2709 722 2852 23231532235113512’
754 2712 880 2838 {1220
902 2714 1300 2851 &gessae
1532 2729 1605 2865 {20
1642 2711 2297 2865 515¹.{235.12†13h¹³235242.-
2321 2711 2522 2850 tal:

190 2851 288 2905 den
315 2852 482 2909 Staat
517 2856 778 2922 gerettet.
801 2884 866 2894 -
885 2871 1006 2909 vere
1037 2855 1296 2995 οορὶτανρέ,
1397 2854 1731 2937 publwam)
1747 2892 1759 2907 .
1791 2893 1803 2906 .
1832 2858 2005 2921 queste
2047 2860 2178 2909 sunt
2212 2855 2277 2908 in
2310 2861 2523 2938 senatu,

189 2937 250 2975 zu
282 2941 397 2981 vere
425 2942 472 2979 s.
500 2924 568 2979 H.
602 2931 685 2979 11.
720 2932 764 2979 1.
797 2956 865 2965 ——
894 2925 1274 2995 coqnoscendts
1403 2941 1459 2979 se
1539 2925 1840 2993 cupzdztate
1920 2925 2210 2994 prolapsos
2288 2942 2524 2981 mmmm

190 2992 266 3046 als
310 2995 556 3052 Richter.
606 3026 673 3035 —
715 2998 833 3051 ind.
881 2996 1082 3066 animi]
1130 2995 1298 3050 festor
1404 3011 1604 3065 mayno
1650 2995 1983 3050 conduxisse.
2032 3026 2099 3035 —
2141 2997 2226 3050 ita
2268 2997 2520 3067 fuerunt]

190 3059 430 3124 Vorsatz.
503 3065 632 3136 Vgl.
672 3067 919 3121 animum
954 3067 1226 3122 inducere.
1407 3066 1487 3120 sie
1553 3078 1740 3121 waren
1803 3065 2002 3133 schon,
2069 3067 2172 3121 ehe
2227 3067 2307 3122 sie
2361 3071 2525 3123 unter

255 3140 334 3193 33.
372 3139 568 3206 causa]
616 3136 906 3192 Interesse.
946 3169 1014 3179 —
1052 3137 1294 3208 adferat]
1405 3136 1685 3192 romische
1731 3136 2056 3191 Herrschaft
2097 3136 2326 3207 lamen,
2378 3139 2525 3194 nach

189 3202 342 3274 Konj.
387 3206 542 3262 Pras.
590 3207 669 3262 im
726 3207 1040 3263 indirekten
1096 3210 1300 3278 Frage·
1406 3207 1569 3262 ihren
1607 3207 1843 3276 eigenen
1871 3205 2310 3279 Einrichtungen
2347 3209 2523 3264 vecti-

193 3277 355 3346 satze‚
405 3278 539 3333 weil
575 3279 941 3333 intelleximus
978 3305 1047 3324 =
1083 3281 1299 3334 scimus,
1408 3279 1585 3348 galee.
1659 3296 1726 3331 zu
1788 3278 1907 3333 sine
1959 3279 2187 3347 imperio
2239 3280 2352 3347 vgl.
2408 3282 2526 3334 sine

192 3375 252 3385 ·-
313 3349 606 3419 portoriis]
692 3349 779 3404 die
843 3349 1172 3404 Hafenzolle
1244 3349 1302 3403 in
1408 3350 1626 3404 iniuria
1680 3374 1747 3393 =
1803 3348 1948 3404 ohne
2002 3347 2069 3404 U.
2125 3368 2192 3403 zu
2246 3351 2401 3404 thun.
2456 3380 2523 3389 —

190 3414 406 3486 Italiem
463 3420 543 3475 sie
588 3420 821 3475 wurden
865 3420 944 3474 im
982 3422 1034 3475 J.
1082 3427 1149 3476 60
1206 3419 1309 3474 auf
1409 3436 1605 3475 nomen
1634 3418 1816 3490 publ]
1854 3418 1966 3473 Der
1991 3418 2171 3472 Name
2209 3419 2381 3474 sehon
2410 3437 2527 3474 war

192 3485 401 3561 Antrag
457 3490 553 3545 des
616 3491 843 3546 Prators
907 3490 968 3556 Q.
1031 3490 1303 3546 Caecilius
1411 3489 1521 3543 den
1538 3489 1927 3545 Provinzialen
1947 3490 2038 3544 ein
2050 3489 2131 3544 Ge
2173 3489 2412 3545 cnstand
2428 3489 2526 3544 des

191 3554 444 3616 Metellus
486 3562 858 3630 ausgehoben.
933 3559 1040 3616 Cic.
1090 3562 1304 3632 spi-ioht
1410 3560 1639 3627 Hasses;
1678 3559 1760 3615 sie
1778 3559 2000 3615 hassten
2022 3559 2114 3615 die
2182 3575 2411 3614 ersonen
2443 3559 2527 3613 als

192 3644 292 3684 von
329 3632 438 3687 den
466 3631 943 3703 Verhandlungen
969 3632 1049 3686 im
1080 3633 1302 3699 senate,
1401 3631 1713 3701 publicani,
1753 3631 1927 3685 daher
1963 3630 2053 3684 die
2082 3631 2530 3700 Umschreibung

198 3697 295 3753 ‘als
346 3719 405 3757 es
472 3702 593 3757 sich
657 3721 752 3757 um
806 3702 1150 3772 Aufhebung
1205 3702 1303 3756 der
1409 3701 1516 3755 mit
1541 3717 1750 3756 nomen.
1782 3732 1849 3741 —
1871 3701 2179 3772 potuerint]
2209 3719 2250 3756 s.
2281 3720 2324 3754 z.
2357 3707 2436 3755 13.
2469 3708 2527 3754 1:

195 3767 337 3826 Zolle
372 3773 664 3828 handelte’
711 3775 796 3843 (in
831 3775 1122 3843 tollendis).
1195 3772 1301 3828 Die
1408 3773 1667 3841 potueris,
1706 3802 1774 3811 —
1812 3772 1994 3842 Sulla]
2041 3770 2142 3825 Als
2181 3772 2340 3825 Sulla
2383 3770 2529 3825 nach

193 3838 443 3902 Pachten.
469 3843 668 3899 hatten
724 3844 844 3899 sich
901 3861 1067 3914 sogar
1121 3859 1302 3912 gegen
1409 3844 1510 3897 der
1556 3839 1880 3911 Besiegung
1931 3843 2030 3896 des
2075 3840 2434 3895 Mithridates
2488 3840 2526 3896 i.

196 3912 461 3970 romische
533 3914 796 3984 Biirger
859 3914 1304 3984 Bedrfickungen
1411 3915 1461 3969 J.
1507 3918 1577 3966 84
1631 3927 1742 3966 von
1796 3913 1894 3967 der
1938 3912 2171 3967 Provinz
2214 3911 2384 3966 Asien
2443 3911 2526 3966 als

198 3980 420 4040 erlaubt.
470 4016 538 4026 —
576 3987 820 4056 publicis
872 4003 941 4041 m.
989 3985 1302 4055 redemptis]
1413 3983 1595 4038 Strafe
1640 3982 1731 4035 fiir
1765 3981 1926 4037 ihren
1961 3981 2156 4037 Abfall
2189 3988 2260 4037 20
2280 3988 2384 4038 000
2421 3984 2526 4037 Ta-

201 4049 282 4107 die
309 4058 540 4124 publica
577 4073 653 4111 sc.
686 4056 1008 4126 vectigalia,
1047 4047 1099 4112 d.
1129 4056 1184 4111 h.
1215 4054 1306 4107 fiir
1412 4053 1565 4109 lente
1601 4051 1874 4120 forderte,
1913 4053 2003 4107 die
2041 4069 2100 4107 er
2137 4051 2530 4125 gleichmfflsig

200 4119 357 4179 Asien
401 4127 490 4182 die
533 4128 783 4194 decuma,
832 4129 955 4183 eine
993 4130 1139 4181 nach
1177 4125 1305 4181 dem
1415 4126 1502 4193 (ae
1538 4124 1760 4193 naliter)
1823 4124 1924 4179 auf
1972 4121 2063 4179 die
2116 4123 2353 4180 Bezirke
2406 4142 2527 4181 vor·

198 4189 423 4267 Ertrage
489 4198 588 4252 der
642 4197 815 4254 Ernte
871 4197 1118 4268 grossere
1173 4197 1307 4252 oder
1414 4142 1595 4263 teilqte‚
1631 4192 1829 4249 hatten
1867 4193 1958 4248 die
1989 4194 2394 4264 Provinzialen‚
2432 4214 2528 4250 um

200 4260 440 4324 kleinere
509 4267 995 4338 Naturalabgabe,
1078 4269 1307 4323 wurden
1416 4266 1508 4321 die
1548 4265 1773 4319 Summe
1818 4264 2006 4336 gleich
2052 4265 2258 4321 zahlen
2287 4285 2356 4320 zu
2392 4268 2529 4321 kon-

204 4333 481 4394 offentlich
536 4339 712 4394 durch
768 4340 860 4395 die
917 4340 1200 4394 Censoren
1249 4339 1308 4392 in
1416 4354 1551 4406 nen,
1592 4352 1705 4392 von
1741 4337 1850 4391 den
1887 4336 2348 4406 Staatspachtern
2385 4336 2527 4392 Geld
