3000 4917
1270 246 1553 304 TULLIA.
2496 247 2583 313 35

419 411 512 477 At
537 411 711 475 illius
743 410 964 490 vicem,
1003 410 1213 493 credo,
1252 409 1451 475 doleS.
1517 409 1826 486 Quotiens
1855 412 1926 475 in
1953 433 2098 476 eam
2126 412 2590 497 cogitationem
2625 414 2665 478 3

225 523 496 567 necesse
553 505 654 564 est
708 502 774 564 et
828 503 902 564 tu
955 499 1209 564 veneris
1265 502 1332 563 et
1375 519 1495 563 nos
1545 520 1736 583 saepe
1780 499 2150 584 incidimus,
2203 500 2380 565 hisce
2425 504 2586 565 tem-

225 591 504 677 poribus
558 610 694 653 non
748 588 1027 671 pessime
1083 610 1229 652 cum
1291 587 1370 652 iis
1418 609 1561 652 esse
1608 590 1852 670 actum,
1907 589 2138 672 quibus
2187 590 2322 654 sine
2368 590 2588 656 dolore

225 681 490 745 licitum
546 686 644 743 est
698 680 975 742 mortem
1030 698 1178 742 cum
1231 677 1370 741 vita
1423 676 1867 742 commutare?
1958 677 2130 754 Quid
2185 682 2402 743 autem
2445 679 2589 763 fuit,

235 768 411 854 quod
468 768 653 831 illam
707 767 831 830 hoc
883 770 1178 850 tempore
1236 765 1316 830 ad
1371 766 1720 830 vivendum
1773 786 2013 851 magno
2072 788 2263 851 opere
2308 767 2588 833 invitare

236 856 511 942 posset?
561 877 726 940 quae
772 855 922 919 res?
969 876 1134 940 quae
1181 853 1372 939 spes?
1420 854 1594 939 quod
1631 855 1833 920 animi
1871 855 2230 920 solacium?
2311 855 2405 921 Ut
2442 878 2588 922 cum

235 948 456 1032 aliquo
498 946 902 1010 adulescente
938 944 1252 1028 primario
1290 944 1638 1009 coniuncta
1674 949 1955 1009 aetatem
1992 943 2290 1030 gereret?
2337 945 2588 1010 licitum

235 1042 341 1101 est
393 1034 550 1118 tibi,
604 1033 821 1117 credo,
874 1055 992 1117 pro
1048 1036 1165 1097 tua
1219 1032 1541 1116 dignitate
1597 1054 1676 1097 ex
1731 1034 1855 1098 hac
1900 1034 2235 1099 iuventute
2281 1055 2590 1119 generum

229 1125 545 1209 deligere,
599 1122 781 1188 cuius
835 1121 989 1186 fidei
1043 1121 1284 1187 liberos
1339 1124 1488 1185 tuos
1544 1124 1609 1186 te
1664 1124 1809 1187 tuto
1857 1123 2261 1187 committere
2305 1125 2589 1208 putares.

231 1216 341 1279 An
396 1216 470 1277 ut
526 1233 603 1275 ea
656 1212 898 1275 liberos
946 1231 1025 1275 ex
1071 1232 1212 1275 sese
1256 1213 1545 1295 pareret,
1601 1232 1761 1294 quos
1808 1233 1954 1276 cum
2000 1212 2302 1276 florentes
2347 1211 2592 1276 videret

225 1300 633 1368 laetaretur?
681 1300 796 1385 qui
837 1321 977 1364 rem
1023 1322 1062 1363 a
1108 1301 1373 1382 parente
1419 1299 1728 1364 traditam
1773 1322 1890 1385 per
1937 1322 2006 1365 se
2043 1303 2264 1365 tenere
2300 1303 2588 1384 possent,

230 1394 518 1458 honores
565 1389 920 1454 ordinatim
965 1388 1232 1473 petituri
1279 1391 1515 1472 essent,
1563 1389 1634 1452 in
1679 1411 1749 1453 re
1792 1389 2073 1474 publica,
2115 1390 2187 1454 in
2232 1390 2587 1454 amicorum

231 1480 520 1565 negotiis
558 1478 859 1542 libertate
898 1500 1015 1542 sua
1050 1476 1273 1542 usuri?
1351 1475 1518 1551 Quid
1556 1476 1791 1542 horum
1826 1478 1966 1561 fuit,
2013 1478 2185 1563 quod
2222 1500 2354 1543 non
2389 1480 2590 1563 priuS,

237 1592 439 1654 quam
488 1568 715 1631 datum
763 1570 885 1650 est,
932 1566 1305 1651 ademptum
1351 1566 1480 1629 sit‘?

415 1656 531 1721 ‘At
583 1678 738 1721 vero
794 1655 1040 1720 malum
1096 1659 1195 1720 est
1246 1655 1486 1719 liberos
1534 1654 1871 1720 amittere?
1965 1655 2237 1720 Malum:
2292 1657 2418 1720 nisi
2464 1656 2588 1721 hoc

230 1747 419 1833 peius
467 1746 572 1829 sit,
617 1744 780 1809 haec
826 1744 1091 1809 sufferre
1138 1747 1203 1808 et
1248 1744 1516 1828 perpeti.
1601 1743 1780 1820 Quae
1824 1765 1927 1809 res
1974 1744 2136 1808 mihi
2180 1765 2311 1809 non
2348 1743 2588 1809 medio·
2623 1756 2668 1820 4

235 1859 414 1901 crem
462 1834 978 1899 consolationem
1023 1833 1275 1919 attulit,
1329 1832 1476 1897 volo
1525 1833 1674 1916 tibi,
1731 1854 2263 1909 commemorare,
2318 1833 2375 1898 si
2419 1833 2587 1898 forte

235 1926 466 1991 eadem
510 1945 615 1987 res
662 1922 785 1988 tibi
830 1922 1118 1986 dolorem
1165 1924 1452 1987 minuere
1494 1923 1722 2006 possit.
1803 1921 1907 1986 Ex
1954 1922 2115 1987 Asia
2151 1922 2405 1988 rediens
2443 1943 2589 1986 cum

233 2016 321 2079 ab
361 2012 620 2098 Aegina
653 2011 992 2096 Megaram
1037 2032 1259 2077 versus
1305 2010 1703 2095 navigarem,
1750 2012 1934 2096 coepi
1979 2011 2279 2095 regiones
2327 2011 2590 2076 circum-

237 2103 415 2167 circa
448 2101 847 2186 prospicere:
883 2102 1036 2183 post
1071 2122 1175 2164 me
1214 2103 1356 2165 erat
1391 2097 1667 2185 Aegina,
1704 2105 1854 2165 ante
1891 2123 1994 2165 me
2030 2100 2318 2186 Megara,
2365 2101 2590 2165 dextra

241 2190 536 2274 Piraeus,
610 2189 877 2254 sinistra
941 2186 1322 2272 Corinthus3
1395 2210 1559 2272 quae
1633 2189 1872 2274 oppida
1946 2189 2227 2274 quodam
2295 2194 2587 2275 tempore

315 2371 364 2420 3.
399 2363 596 2434 Credo]
633 2362 906 2418 ironisch:
947 2363 1136 2431 ‘wohl‚
1175 2364 1362 2419 etwa'.
1472 2362 1551 2416 ist
1587 2380 1688 2418 aus
1725 2364 1852 2418 dem
1882 2363 2395 2433 Vorhergehenden
2422 2368 2591 2418 essent

240 2434 883 2505 —vencris..incidimus]
895 2434 1086 2489 Cicero
1110 2433 1256 2489 mus
1260 2437 1364 2490 ste
1472 2450 1544 2487 zu
1607 2440 1895 2504 erganzen.
1988 2433 2094 2490 Die
2155 2432 2590 2488 Handschriften

249 2511 482 2578 (necesse
515 2511 612 2574 est)
656 2505 758 2560 auf
780 2505 889 2560 den
917 2505 1225 2560 Gedanken
1259 2505 1367 2559 mit
1472 2504 1659 2560 haben
1685 2507 1791 2573 uti,
1819 2522 1977 2559 wozu
1994 2506 2102 2558 mit
2118 2504 2396 2575 grosserer
2413 2504 2590 2559 Harte

238 2577 731 2644 Bewufstsein,
840 2577 1052 2630 durch
1149 2564 1365 2631 Uber·
1465 2581 1688 2645 possent
1731 2576 1966 2644 erganzt
2000 2577 2223 2630 werden
2260 2575 2482 2629 mfifste.
2521 2606 2588 2614 —

237 2650 500 2720 legung
544 2648 777 2718 geft'ihrt
819 2647 1049 2702 worden
1095 2646 1215 2701 sein
1260 2650 1363 2713 (ve-

238 2722 444 2789 neris),
508 2719 606 2774 der
659 2720 802 2785 ihm,
860 2718 990 2772 dem
1045 2716 1365 2773 Geschafts-

240 2806 478 2859 manne,
528 2808 632 2845 nur
682 2788 983 2858 aufallig
1028 2789 1365 2859 gekommen

241 2862 604 2930 (incidimus).
689 2859 819 2929 Vgl.
867 2859 934 2915 ΙΙ.
986 2864 1072 2913 23.
1120 2865 1170 2914 2.
1253 2859 1365 2913 Der

241 2933 376 2988 Satz
422 2932 498 2986 ist
543 2930 979 2986 anakoluthisch
1014 2929 1248 3000 gebaut‚
1293 2929 1367 2983 da

239 3011 293 3060 et
340 3019 500 3073 saepe
551 3004 660 3058 inc.
709 3002 829 3057 sich
873 3000 1097 3056 formell
1141 3018 1213 3056 an
1261 3002 1363 3056 das

244 3073 725 3143 Vorhergehende
777 3071 938 3127 nicht
992 3071 1365 3127 anschliessen

239 3147 411 3201 kann.
459 3176 528 3185 --
564 3160 651 3200 res
680 3174 747 3185 —
777 3145 917 3213 spes]
967 3162 1062 3197 zur
1104 3142 1364 3198 Bezeich-

241 3214 1219 3354 §3t.{f³{0‘?‘1³}?¹23⁷.32¹²r¹22,³22022”k.
1194 3213 1364 3340 ‚3252

241 3360 506 3429 asperior.
563 3389 631 3397 —
687 3357 1003 3427 coniuncta]
1067 3355 1214 3410 nach
1266 3356 1366 3410 der

244 3429 572 3499 Scheidung
634 3445 746 3484 von
809 3426 1122 3482 Dolabella.
1180 3458 1246 3467 —-
1298 3444 1366 3482 cx

240 3503 347 3556 hac
380 3498 680 3570 iuventute]
721 3515 839 3553 aus
876 3498 994 3552 der
1028 3498 1364 3569 heutigen

242 3574 278 3628 J
288 3570 540 3641 ugend,
596 3569 688 3626 die
734 3568 877 3624 eben
920 3569 1080 3624 nicht
1124 3570 1252 3624 sehr
1296 3587 1365 3623 zu

241 3644 487 3697 rfihmen
539 3658 671 3696 war.
725 3672 793 3681 —
840 3641 1034 3695 liberos
1084 3641 1150 3712 t.]
1208 3640 1365 3694 dein

242 3713 375 3767 Kin
389 3712 442 3766 d.
488 3712 727 3781 Antiqui
753 3716 992 3767 oratores
1008 3712 1366 3780 historiaeque

243 3790 348 3840 aut
374 3785 683 3838 carminum
709 3785 997 3851 scriptores
1013 3783 1177 3836 ctiam
1193 3799 1366 3836 umam

242 3857 428 3924 filium
463 3855 699 3921 filiamve
732 3854 1106 3909 multitudinis
1142 3868 1365 3907 numero

246 3927 680 4009 appellaverant.
766 3924 906 3979 Gell.
953 3942 1006 3979 n.
1052 3923 1118 3977 A.
1166 3922 1234 3977 Π.
1281 3928 1364 3978 13.

244 3996 1149 4124 Βωοέΐυζῖἕὲἴῖὲξὲὶὲἒὶἰῖ
1178 3993 1363 4120 iffi·

242 4140 411 4195 einen
445 4136 1022 4208 Konjunktionalsatz.
1053 4166 1120 4178 -
1145 4153 1249 4206 per
1282 4137 1361 4208 se]

247 4212 302 4264 d.
341 4210 380 4264 i.
421 4225 522 4263 sua
557 4208 862 4276 industria,
903 4208 981 4262 im
1018 4205 1363 4279 Gegensatze

245 4298 316 4335 zu
364 4299 402 4336 a
430 4285 661 4350 parente
695 4281 975 4335 traditam.
1016 4309 1082 4319 --
1119 4281 1366 4335 libertate

245 4369 412 4408 usum
493 4350 706 4406 Bittere
753 4350 935 4405 Ironie
981 4349 1062 4403 im
1097 4349 1366 4405 Hinblick

247 4422 355 4479 auf
449 4427 604 4478 asars
657 4420 1003 4477 Herrschaft.
1084 4420 1161 4475 Ζιι
1206 4423 1367 4477 uswi

1477 2647 1627 2715 Quid
1647 2689 1659 2701 .
1682 2689 1696 2702 .
1717 2649 2027 2716 ademptum
2061 2646 2159 2717 sit]
2196 2645 2409 2700 Tullias
2438 2644 2590 2700 Sohn

1474 2717 1666 2772 wurde
1711 2718 1980 2786 geboren‚
2037 2718 2122 2771 als
2170 2716 2342 2772 Oasar
2385 2716 2590 2772 bereits

1472 2788 1565 2842 die
1603 2787 1822 2844 Gewalt
1865 2789 1925 2842 in
1960 2789 2203 2843 Handen
2238 2790 2412 2845 hatte.
2486 2787 2589 2842 Die

1470 2858 1668 2914 Worte
1702 2877 1814 2915 rem
1849 2878 1887 2915 a
1904 2866 2137 2930 parente
2156 2902 2168 2915 .
2193 2903 2205 2915 .
2216 2866 2439 2930 possem
2465 2858 2591 2913 sind

1473 2931 1626 2984 wohl
1660 2930 1820 2986 nicht
1855 2932 1999 2987 ohne
2026 2931 2346 3001 Beziehung
2372 2930 2475 2985 auf
2496 2931 2588 2985 die

1472 3002 1967 3073 Verschwendung
2002 3002 2150 3058 ihres
2187 3003 2393 3058 Gatten
2421 3003 2587 3058 Dola-

1470 3072 1626 3127 bella
1659 3074 2039 3143 geschrieben.
2069 3105 2138 3114 —-
2165 3075 2281 3129 nisi
2298 3075 2463 3144 peius
2487 3075 2560 3128 sit

1473 3144 1566 3199 die
1583 3143 2002 3214 Berechtigung
2029 3144 2126 3199 des
2146 3144 2423 3200 Einwurfs
2446 3145 2548 3199 wir

1470 3215 1796 3339 (zingegeben
1813 3215 1922 3340 l1:11?
1930 3215 2252 3342 Ausnahssne
2272 3217 2370 3271 des
2381 3216 2588 3282 Falles,

1510 3303 1595 3340 as
1652 3303 1707 3341 es
1753 3303 1812 3341 sc
1896 3303 2074 3340 mmer
2116 3305 2164 3340 1s
2236 3305 2289 3343 u.
2330 3304 2372 3342 s.
2408 3305 2477 3340 w.
2517 3312 2586 3331 =

1470 3373 1618 3424 nur,
1669 3357 1950 3427 jedoch‚
2006 3357 2325 3412 adversativ
2373 3382 2440 3402 =
2476 3358 2584 3412 scd.

1543 3433 1594 3481 4.
1636 3429 1845 3498 attulit]
1904 3427 2017 3482 Der
2060 3427 2345 3482 Indikativ
2388 3426 2469 3480 im
2503 3427 2585 3479 in-

1471 3497 1729 3554 direkten
1774 3500 2109 3569 Fragesatze
2155 3500 2345 3553 wurde
2389 3498 2449 3552 in
2489 3497 2588 3550 der

1473 3569 1690 3624 alteren
1740 3570 1985 3640 Sprache
2039 3570 2154 3624 und
2205 3570 2265 3623 in
2311 3568 2410 3623 der
2453 3569 2584 3622 Um-

1471 3642 1890 3711 gangssprache
1927 3641 2119 3710 haufig
2153 3638 2477 3711 gebraucht.
2517 3668 2584 3679 —

1469 3712 1523 3764 si
1555 3712 1718 3780 forte]
1756 3713 1829 3767 ob
1866 3714 2029 3779 etwa‚
2069 3710 2382 3766 ‘vielleicht
2416 3708 2585 3763 dass'.

1472 3783 1795 3851 —reyiortes
1802 3783 2181 3854 circumcirca]
2203 3782 2303 3837 das
2311 3778 2586 3849 Adjektiv

1473 3851 1574 3905 auf
1618 3852 1827 3921 griech.
1874 3853 2063 3908 Weiss
2109 3852 2286 3906 durch
2329 3852 2430 3904 das
2473 3849 2585 3903 Ad-

1470 3922 1605 3977 verb
1626 3926 1845 3991 ersetzt‚
1865 3923 1972 3978 wie
1995 3924 2144 3979 circa
2165 3923 2248 3978 oft
2264 3921 2359 3976 bei
2376 3921 2582 3976 Livius.

1471 4024 1540 4033 —
1600 3996 1838 4065 Meywra
1888 4011 2006 4049 war
2053 3992 2091 4049 i.
2144 3994 2194 4048 J.
2251 3998 2353 4048 307
2411 3991 2585 4047 durch

1469 4065 1787 4119 Demetrius
1893 4065 2233 4119 Poliorcetes
2332 4066 2584 4132 zerstort,

1469 4135 1691 4208 Aeyina
1737 4153 1803 4190 zu
1848 4136 2097 4206 gleicher
2142 4136 2264 4191 Zeit
2308 4152 2418 4191 von
2456 4135 2585 4191 See-

1469 4209 1708 4262 raubern
1751 4205 2142 4276 eingestschert
2176 4207 2429 4275 worden3
2476 4207 2584 4261 den

1477 4279 1716 4334 Piraeus
1742 4279 1901 4333 hatte
1931 4277 2088 4333 Sulla
2123 4278 2202 4332 im
2241 4277 2582 4334 Mithridati-

1472 4349 1645 4404 schen
1688 4349 1895 4433 Kriege
1945 4348 1981 4404 i.
2029 4349 2078 4405 J.
2125 4355 2221 4419 86,
2289 4350 2586 4406 Corinthus

1469 4420 1771 4476 Mummius
1834 4439 1870 4475 1.
1925 4421 1975 4477 J.
2041 4427 2142 4478 146
2205 4425 2458 4476 zerstort.
2517 4445 2584 4460 --

2094 4510 2164 4565 3*
