3000 4917
998 222 1063 272 A.
1105 217 1417 273 LICINIUS
1458 215 1790 272 CAECINA.
2433 215 2559 280 185

210 383 553 467 complura
607 403 689 445 ne
745 383 934 465 posui
991 381 1267 465 quidem.
1351 379 1903 456 Quemadmodum
1959 380 2186 465 igitur,
2243 380 2560 443 scalarum

212 472 457 558 gradus
508 471 563 534 si
610 470 774 534 alios
820 470 1039 553 tollaS,
1088 471 1250 534 alios
1297 469 1571 552 incidaS,
1617 469 1963 533 nonnullos
2011 470 2177 533 male
2224 468 2559 532 haerentes

212 561 578 645 relinquaS,
637 560 862 623 ruinae
918 558 1275 642 periculum
1331 563 1573 641 struas,
1627 580 1758 622 non
1807 579 2141 622 ascensum
2197 579 2413 642 pares,
2470 559 2562 622 sic

208 654 318 715 tot
373 649 564 713 malis
621 653 760 713 tum
816 649 1105 712 vinctum
1161 652 1299 711 tum
1354 647 1632 711 fractum
1690 647 1970 711 studium
2035 647 2353 710 scribendi
2407 645 2561 730 quid

212 739 490 823 dignum
538 737 803 801 auribus
852 741 963 801 aut
1008 736 1347 820 probabile
1394 740 1612 818 potest
1669 735 1960 800 adferre?
2053 730 2216 799 Oum
2271 756 2422 800 vero
2481 735 2627 801 ad4

209 828 424 912 ipsius
485 824 780 891 Caesaris
837 847 1075 890 nomen
1129 827 1302 908 veni,
1366 829 1509 890 toto
1572 846 1840 907 corpore
1907 828 2374 905 contremesco,
2427 844 2563 888 non

212 937 466 1000 poenae
507 920 702 997 metu,
742 914 853 978 sed
890 915 1068 978 illius
1106 914 1354 999 iudici13
1395 918 1608 979 totum
1646 914 1816 976 enim
1846 910 2187 977 Caesarem
2224 934 2355 976 non
2392 912 2584 975 novi.'

216 1004 427 1081 Quem
467 1008 659 1086 putas
698 1003 986 1067 animum
1024 1025 1184 1088 esse,
1221 1003 1331 1066 ubi
1370 1024 1590 1067 secum
1626 1002 1959 1086 loquitur?
2019 1000 2193 1065 ‘Hoc
2229 1000 2560 1086 probabit:

210 1094 343 1158 hoc
399 1093 669 1158 verbum
726 1092 1154 1174 suspiciosum
1210 1095 1325 1156 est.
1418 1090 1608 1167 Quid,
1672 1092 1729 1155 si
1771 1091 1895 1155 hoc
1943 1089 2166 1154 muto?
2226 1093 2295 1153 at
2338 1110 2563 1153 vereor

211 1204 300 1246 ne
349 1182 533 1264 peius
591 1179 720 1245 sit?
781 1218 859 1227 —
917 1179 1060 1265 Age
1121 1202 1302 1264 vero,
1366 1180 1558 1244 laudo
1628 1180 1935 1264 aliquem:
2003 1178 2166 1242 ‘non
2233 1176 2561 1242 offendo‘P'

214 1293 366 1336 cum
422 1291 617 1354 porro
677 1269 990 1352 reprendo
1049 1270 1356 1353 aliquem:
1423 1268 1634 1353 ‘quid,
1699 1270 1755 1332 si
1809 1290 1938 1333 non
1993 1265 2206 1332 vult‘P'
2306 1267 2565 1330 Armati

220 1359 453 1424 stilum
481 1358 916 1442 persequitur:
955 1359 1110 1422 victi
1148 1363 1213 1422 et
1248 1358 1534 1422 nondum
1563 1358 1848 1421 restituti
1877 1357 2029 1441 quid
2058 1355 2296 1420 faciet?
2345 1355 2567 1439 Auges

214 1449 540 1512 etiam-tu
588 1447 748 1511 mihi
785 1448 1107 1525 timorem,
1154 1448 1263 1530 qui
1299 1447 1368 1510 in
1406 1445 1677 1511 Oratore
1715 1453 1826 1510 tuo
1866 1467 2055 1509 caves
2092 1444 2216 1508 tibi
2251 1466 2366 1527 per
2403 1444 2564 1508 Bru-

213 1542 361 1601 tum
419 1540 484 1600 et
539 1536 621 1600 ad
678 1536 1158 1600 excusationem
1216 1536 1461 1601 socium
1520 1535 1793 1620 quaeris
1893 1533 2024 1599 Ubi
2090 1533 2213 1598 hoc
2278 1533 2567 1598 omnium

216 1630 537 1710 patronus
574 1625 751 1708 facit,
791 1625 945 1710 quid
980 1646 1103 1709 me,
1144 1628 1427 1689 veterem
1463 1627 1667 1707 tuum,
1712 1645 1882 1687 nunc
1921 1623 2208 1688 omnium
2247 1622 2571 1704 clientem,

220 1714 467 1779 sentire
524 1712 827 1797 oportet?
927 1714 1006 1777 In
1062 1714 1181 1778 hac
1239 1713 1441 1798 igitur
1505 1713 1824 1777 calumnia
1887 1711 2142 1774 timoris
2210 1714 2275 1774 et
2341 1731 2566 1774 caecae

222 1803 616 1886 suspicionis
689 1807 1044 1884 tormento,
1114 1824 1258 1867 cum
1332 1802 1612 1885 plurima
1685 1801 1765 1864 ad
1841 1800 2039 1864 alieni
2112 1820 2337 1863 sensus
2418 1820 2565 1863 con-

222 1892 558 1976 iecturam,
602 1912 739 1955 non
784 1891 866 1956 ad
913 1913 1098 1954 suum
1146 1891 1455 1955 iudicium
1504 1891 1886 1972 scribantur,
1934 1910 2126 1973 quam
2176 1887 2437 1951 difficile
2481 1887 2572 1950 sit

216 1980 513 2063 evadere,
585 1979 641 2043 si
696 1981 909 2043 minus
968 1983 1267 2063 expertus
1326 2002 1419 2061 ee,
1485 1979 1656 2063 quod
1709 1982 1775 2042 te
1835 1978 1914 2041 ad
1972 1978 2188 2043 omnia
2244 1997 2566 2040 summum

215 2071 415 2151 atque
471 2068 784 2131 excellens
841 2067 1174 2152 ingenium
1224 2067 1528 2148 armavit,
1585 2089 1705 2131 nos
1754 2070 2082 2130 sentimus
2175 2063 2298 2128 Sed
2344 2068 2567 2128 tamen

215 2177 341 2241 ego
388 2157 524 2220 filio
571 2156 878 2237 dixeram,
924 2156 1161 2219 librum
1206 2155 1330 2220 tibi
1374 2157 1624 2240 legeret
1671 2159 1736 2218 et
1783 2155 2090 2238 auferret,
2136 2158 2249 2218 aut
2295 2175 2372 2217 ea
2419 2175 2567 2218 con-

214 2435 374 2487 nere,
439 2417 559 2472 sich
613 2416 1042 2485 zurfickhalten,
1099 2435 1170 2471 an
1224 2418 1343 2472 sich

217 2491 430 2544 halten.
507 2489 664 2544 Fam.
710 2487 804 2541 IX.
852 2494 902 2542 8.
950 2495 1004 2542 1:
1068 2495 1341 2558 exspecta-

222 2563 349 2616 bam
377 2562 598 2614 omnino
625 2562 738 2614 iam
764 2561 883 2628 din,
909 2577 1093 2630 meque
1108 2561 1341 2614 sustine—

222 2634 384 2699 bam,
417 2648 484 2686 ne
519 2632 593 2685 ad
627 2638 679 2686 te
713 2633 997 2687 scriberem
1034 2636 1126 2685 cet.

294 2707 346 2755 4.
393 2717 505 2756 non
556 2719 762 2769 poenae
816 2702 981 2772 meta]
1028 2719 1143 2756 non
1192 2702 1340 2756 enim

218 2772 472 2828 timenda
499 2778 586 2828 est
612 2772 871 2828 laudanti
898 2789 1094 2841 poena.
1144 2772 1339 2827 Manu-

214 2842 352 2898 tius.
383 2874 449 2882 —
478 2849 650 2899 totum
681 2887 693 2898 .
722 2860 837 2899 non
864 2844 1017 2915 novi]
1048 2844 1165 2898 also
1194 2844 1340 2898 auch

213 2915 378 2969 nicht
435 2915 557 2969 sein
606 2914 804 2970 Urteil.
844 2946 910 2954 —
953 2915 1119 2985 Quem
1169 2921 1342 2983 putas

215 2992 312 3041 cet.
410 2985 538 3040 Wie
601 2985 835 3055 glaubst
886 2986 988 3054 du,
1053 2986 1176 3040 dass
1234 2986 1341 3039 mir

215 3074 284 3110 zu
381 3059 477 3112 ute
525 3056 631 3125 sei,
677 3072 838 3110 wenn
883 3056 977 3111 ich
1021 3057 1130 3110 mir
1167 3057 1343 3112 selbst

217 3139 353 3198 sage
387 3171 399 3184 .
431 3168 443 3181 .
476 3159 541 3167 —
578 3128 857 3199 probabit]
898 3145 973 3184 sc.
1015 3126 1232 3183 Caesar.
1273 3158 1340 3168 —

211 3201 337 3270 Aye
355 3198 506 3269 vero]
536 3199 900 3254 Rhetorische
920 3199 1033 3252 und
1057 3198 1229 3253 daher
1250 3199 1340 3253 die

214 3269 735 3324 Aufmerksamkeit
799 3271 1113 3339 auregende
1170 3259 1339 3324 Uber-

205 3341 614 3411 gangsformel.
654 3372 721 3380 -—
760 3342 996 3408 offendo]
1036 3357 1112 3396 sc.
1142 3340 1339 3394 Caesa·

216 3429 360 3467 rem.
392 3442 459 3451 -
486 3414 752 3481 reprendo
789 3412 885 3482 aL]
928 3412 1132 3466 ebenso
1159 3411 1342 3466 bildet

217 3483 489 3550 reprendo
543 3482 652 3537 den
700 3480 1013 3552 Gegensatz
1060 3502 1128 3537 zu
1174 3485 1341 3539 lando

217 3554 378 3607 Fam.
417 3553 480 3608 V.
522 3558 602 3608 12.
641 3560 701 3608 8:
738 3555 1095 3609 verecundius
1129 3557 1241 3624 ipsi
1276 3556 1343 3610 de

220 3639 335 3678 sese
368 3624 612 3678 scribant
646 3642 852 3680 necesse
887 3631 981 3691 est,
1018 3627 1069 3679 si
1103 3627 1239 3695 qnid
1265 3631 1344 3680 est

217 3695 594 3764 laudandum,
640 3703 691 3751 et
717 3702 1085 3765 praetereant,
1121 3698 1174 3751 si
1207 3698 1342 3766 qnid

215 3767 717 3835 reprehendendum
734 3774 825 3822 est.
856 3767 961 3820 Die
978 3767 1339 3821 Handschrif-

215 3841 318 3893 ten
343 3837 528 3907 geben
556 3855 681 3893 cum
690 3854 861 3908 porro
880 3839 1179 3905 offendam.-
1207 3840 1342 3907 qaid

215 3914 314 3964 etc.
354 3939 421 3949 —
461 3910 597 3979 quid
650 3910 817 3976 faciet
830 3907 887 3980 ἓ]
946 3927 1014 3962 zu
1064 3914 1341 3977 erganzen

213 3980 365 4034 nach
404 3981 503 4035 der
539 3980 874 4034 Redensart:
913 3981 1049 4049 qnid
1083 3981 1213 4034 hnic
1246 3981 1341 4035 ho—

213 4052 358 4105 mini
403 4052 540 4105 oder
585 4053 723 4120 qnid
765 4052 863 4106 hoc
897 4052 1110 4105 homine
1144 4053 1339 4118 facias.

217 4152 289 4162 —
328 4123 392 4176 in
424 4122 679 4194 Oratore]
720 4120 928 4177 Cacina
963 4121 1185 4176 bezieht
1221 4122 1341 4176 sich

217 4191 326 4246 auf
374 4192 595 4248 Ciceros
653 4194 850 4248 Worte
909 4193 1058 4248 Orat.
1110 4199 1193 4248 10.
1244 4199 1337 4247 35:

214 4265 415 4333 Itaque
441 4266 541 4320 hoc
568 4280 688 4319 snm
717 4280 999 4333 ayyressns
1024 4267 1208 4319 statim
1236 4265 1339 4319 Ga-

214 4341 345 4389 tone
371 4336 718 4403 (Lobschrift
752 4333 857 4388 auf
878 4335 1036 4404 Cato)
1067 4337 1341 4391 absoluto:

213 4422 373 4476 quem
434 4408 617 4476 ipsum
689 4423 973 4476 numquam
1038 4409 1337 4477 attiyissem

1448 2422 1692 2486 tempora
1730 2418 1923 2471 timens
1950 2417 2180 2470 inimica
2205 2417 2418 2481 virtuti,
2454 2417 2569 2470 nisi

1448 2489 1551 2543 tibi
1571 2489 1816 2542 hortanti
1843 2493 1892 2541 et
1918 2487 2073 2541 illins
2098 2489 2410 2541 memoriam
2431 2488 2571 2540 mihi

1449 2576 1636 2614 caram
1692 2560 1958 2613 excitanti
2009 2574 2122 2612 non
2169 2574 2366 2625 parere
2408 2559 2568 2624 nefas

1447 2646 1554 2684 esse
1599 2631 1886 2684 duxissem.
1964 2628 2072 2683 Sed
2118 2629 2370 2696 testificor
2413 2645 2495 2682 me
2531 2645 2568 2682 a

1448 2706 1498 2755 te
1533 2706 1785 2772 royatnm
1822 2706 1870 2754 et
1904 2705 2238 2755 recusantem
2273 2700 2404 2754 haec
2429 2700 2562 2753 scri-

1447 2773 1566 2827 bere
1615 2788 1722 2826 esse
1768 2789 1978 2826 ansam.
2066 2771 2198 2825 Volo
2242 2772 2385 2833 enim
2430 2771 2565 2824 mihi

1447 2850 1618 2898 tecum
1655 2859 1930 2897 commane
1974 2843 2194 2908 crimen,
2232 2847 2312 2909 nt,
2364 2842 2415 2896 si
2451 2857 2566 2895 sns-

1448 2915 1620 2968 tinere
1639 2920 1850 2970 tantam
1869 2915 2234 2983 quaestionem
2251 2928 2365 2967 non
2375 2919 2568 2980 potue-

1448 3001 1527 3052 r0,
1557 2986 1756 3039 iniusti
1783 2986 1963 3039 oneris
1989 2986 2247 3052 imposita
2275 2985 2441 3052 culpa
2467 2989 2569 3038 tna

1447 3057 1548 3122 sit,
1595 3073 1712 3110 mea
1750 3057 1951 3124 recepti
1959 3076 1980 3121 ;
2025 3057 2088 3109 in
2124 3071 2229 3124 quo
2264 3059 2446 3109 tamen
2479 3056 2566 3108 iu-

1447 3129 1588 3183 dicii
1629 3130 1806 3181 nostri
1851 3144 2084 3182 errorem
2130 3128 2254 3181 laus
2297 3127 2403 3180 tibi
2447 3126 2570 3180 dati

1447 3200 1690 3252 muneris
1762 3198 2142 3268 compensabit.
2209 3229 2275 3237 —
2340 3202 2564 3251 veterem

1447 3270 1627 3340 tuum]
1687 3267 1880 3324 Cicero
1936 3271 2094 3323 hatte
2148 3268 2238 3321 fiir
2290 3268 2412 3339 ibn·
2442 3267 2565 3320 eine

1451 3341 1601 3394 Rede
1630 3340 1912 3410 gehalten.
1943 3370 2010 3380 —
2039 3341 2281 3394 omnium
2308 3338 2397 3408 ct]
2438 3336 2569 3391 weil

1449 3428 1509 3465 er
1554 3412 1647 3465 bei
1682 3411 1872 3480 jedem
1910 3410 2059 3464 Hilfe
2097 3410 2307 3463 suchen
2344 3407 2564 3475 musste,
2618 3462 2629 3469 ,

1438 3481 1549 3536 ἀει·
1592 3482 1711 3535 ihm
1755 3481 2039 3549 Hoffnung
2084 3479 2186 3534 auf
2224 3477 2569 3546 Erreichung

1449 3552 1631 3608 seiner
1668 3553 1973 3606 Rfickkehr
2010 3554 2125 3607 bot.
2156 3583 2222 3591 —
2261 3549 2564 3619 calumnia]

1451 3624 1841 3679 fibertriebene
1877 3623 2206 3689 Bedenken‚
2260 3621 2437 3676 wobei
2474 3620 2566 3674 die

1450 3695 1661 3750 Furcht
1723 3697 1832 3749 den
1898 3695 2270 3748 calumniator
2324 3692 2565 3745 machte.

1450 3767 1577 3836 Vgl.
1620 3765 1715 3819 111.
1760 3773 1841 3822 14.
1881 3772 1938 3819 3:
1996 3765 2380 3820 calumniabar
2433 3764 2564 3832 ipse.

1448 3868 1518 3877 —
1555 3838 1726 3892 alieni
1759 3853 1947 3891 sensus
1983 3836 2150 3906 coni.]
2191 3835 2326 3889 Gen.
2358 3833 2560 3901 object.

1447 3907 1553 3961 Die
1597 3908 1974 3976 Vermutung,
2032 3924 2148 3961 was
2195 3906 2287 3960 ein
2333 3904 2567 3959 anderer

1448 3979 1662 4048 (Casar)
1702 3979 1944 4033 dariiber
1983 3979 2230 4044 denken,
2266 3976 2373 4029 wie
2409 3992 2469 4029 er
2507 3992 2567 4029 es

1448 4048 1787 4105 aufnehmen
1815 4050 1971 4104 wird.
2000 4080 2067 4090 -
2097 4051 2171 4103 ad
2196 4065 2239 4102 s.
2268 4045 2564 4116 indicium]

1446 4120 1595 4176 nach
1659 4121 1968 4200 eigene,m
2022 4118 2227 4187 Urteil3
2292 4134 2425 4172 saus
2489 4117 2566 4170 im

1450 4190 1794 4261 Gegensatze
1822 4212 1850 4245 z
1888 4200 1889 4203 ’
1916 4194 2135 4247 alienus
2160 4192 2304 4245 ohne
2325 4189 2565 4242 Zuri‘ick-

1446 4263 1773 4332 beziehung.
1896 4263 2142 4334 evadere]
2174 4259 2395 4316 absolut
2424 4259 2566 4313 ‘sich

1447 4335 1915 4390 herauswinden'.
1939 4366 2004 4375 —-
2025 4332 2289 4402 auferret]
2313 4347 2372 4385 er
2400 4330 2569 4385 sollte

1448 4421 1507 4459 es
1563 4405 1771 4463 wieder
1824 4405 1932 4460 mit
1995 4407 2116 4461 sich
2175 4403 2429 4460 nehmen.
2498 4431 2565 4442 --
