<?xml version="1.0" encoding="UTF-8"?>
<!DOCTYPE html PUBLIC "-//W3C//DTD XHTML 1.0 Transitional//EN"
    "http://www.w3.org/TR/xhtml1/DTD/xhtml1-transitional.dtd">
<html xmlns="http://www.w3.org/1999/xhtml" xml:lang="en" lang="en">
 <head>
  <title>
</title>
<meta http-equiv="Content-Type" content="text/html;charset=utf-8" />
  <meta name='ocr-system' content='tesseract 3.04.00' />
  <meta name='ocr-capabilities' content='ocr_page ocr_carea ocr_par ocr_line ocrx_word'/>
</head>
<body>
  <div class='ocr_page' id='page_1' title='image "ausgewhltebrief02freygoog_0191.png"; bbox 0 0 3000 4917; ppageno 0'>
   <div class='ocr_carea' id='block_1_1' title="bbox 939 200 2586 264">
    <p class='ocr_par' dir='ltr' id='par_1_1' title="bbox 939 200 2586 264">
     <span class='ocr_line' id='line_1_1' title="bbox 939 200 2586 264; baseline 0.005 -9"><span class='ocrx_word' id='word_1_1' title='bbox 939 202 1016 256; x_wconf 85' lang='lat' dir='ltr'>M.</span> <span class='ocrx_word' id='word_1_2' title='bbox 1055 200 1413 257; x_wconf 85' lang='lat' dir='ltr'>CLAUDIUS</span> <span class='ocrx_word' id='word_1_3' title='bbox 1451 200 1903 258; x_wconf 86' lang='lat' dir='ltr'>MARCELLUS.</span> <span class='ocrx_word' id='word_1_4' title='bbox 2463 200 2586 264; x_wconf 79' lang='lat'>177</span> 
     </span>
    </p>
   </div>
   <div class='ocr_carea' id='block_1_2' title="bbox 235 364 2655 2756">
    <p class='ocr_par' dir='ltr' id='par_1_2' title="bbox 235 364 2655 2756">
     <span class='ocr_line' id='line_1_2' title="bbox 239 364 2653 451; baseline -0.001 -19"><span class='ocrx_word' id='word_1_5' title='bbox 239 366 574 432; x_wconf 82' lang='lat' dir='ltr'>Kalendas</span> <span class='ocrx_word' id='word_1_6' title='bbox 602 366 672 430; x_wconf 89' lang='lat' dir='ltr'>in</span> <span class='ocrx_word' id='word_1_7' title='bbox 699 365 962 430; x_wconf 88' lang='lat' dir='ltr'>Italiam</span> <span class='ocrx_word' id='word_1_8' title='bbox 986 386 1209 429; x_wconf 80' lang='lat' dir='ltr'>versus</span> <span class='ocrx_word' id='word_1_9' title='bbox 1237 365 1659 451; x_wconf 73' lang='lat' dir='ltr'>navigaturus</span> <span class='ocrx_word' id='word_1_10' title='bbox 1691 369 1847 429; x_wconf 87' lang='lat' dir='ltr'>erat.</span> <span class='ocrx_word' id='word_1_11' title='bbox 1919 364 2082 430; x_wconf 89' lang='lat' dir='ltr'>Post</span> <span class='ocrx_word' id='word_1_12' title='bbox 2116 364 2286 429; x_wconf 91' lang='lat' dir='ltr'>diem</span> <span class='ocrx_word' id='word_1_13' title='bbox 2323 364 2587 429; x_wconf 90' lang='lat' dir='ltr'>tertium</span> <span class='ocrx_word' id='word_1_14' title='bbox 2606 366 2653 430; x_wconf 82' lang='lat'><strong><em>2</em></strong></span> 
     </span>
     <span class='ocr_line' id='line_1_3' title="bbox 235 453 2590 538; baseline -0.002 -17"><span class='ocrx_word' id='word_1_15' title='bbox 235 457 380 521; x_wconf 90' lang='lat' dir='ltr'>eius</span> <span class='ocrx_word' id='word_1_16' title='bbox 431 455 576 538; x_wconf 90' lang='lat' dir='ltr'>diei,</span> <span class='ocrx_word' id='word_1_17' title='bbox 624 477 770 519; x_wconf 93' lang='lat' dir='ltr'>cum</span> <span class='ocrx_word' id='word_1_18' title='bbox 812 455 895 518; x_wconf 93' lang='lat' dir='ltr'>ab</span> <span class='ocrx_word' id='word_1_19' title='bbox 932 453 1211 519; x_wconf 89' lang='lat' dir='ltr'>Athenis</span> <span class='ocrx_word' id='word_1_20' title='bbox 1250 454 1571 537; x_wconf 90' lang='lat' dir='ltr'>proficisci</span> <span class='ocrx_word' id='word_1_21' title='bbox 1608 455 1676 517; x_wconf 90' lang='lat' dir='ltr'>in</span> <span class='ocrx_word' id='word_1_22' title='bbox 1714 454 1928 518; x_wconf 89' lang='lat' dir='ltr'>animo</span> <span class='ocrx_word' id='word_1_23' title='bbox 1965 453 2290 531; x_wconf 90' lang='lat' dir='ltr'>haberem,</span> <span class='ocrx_word' id='word_1_24' title='bbox 2338 453 2590 518; x_wconf 89' lang='lat' dir='ltr'>circiter</span> 
     </span>
     <span class='ocr_line' id='line_1_4' title="bbox 238 541 2592 625; baseline -0.001 -16"><span class='ocrx_word' id='word_1_25' title='bbox 238 546 408 610; x_wconf 87' lang='lat' dir='ltr'>hora</span> <span class='ocrx_word' id='word_1_26' title='bbox 456 544 703 609; x_wconf 89' lang='lat' dir='ltr'>decima</span> <span class='ocrx_word' id='word_1_27' title='bbox 747 543 959 608; x_wconf 89' lang='lat' dir='ltr'>noctis</span> <span class='ocrx_word' id='word_1_28' title='bbox 1004 541 1073 607; x_wconf 90' lang='lat' dir='ltr'>P.</span> <span class='ocrx_word' id='word_1_29' title='bbox 1110 541 1505 622; x_wconf 89' lang='lat' dir='ltr'>Postumius,</span> <span class='ocrx_word' id='word_1_30' title='bbox 1551 542 1888 606; x_wconf 85' lang='lat' dir='ltr'>familiaris</span> <span class='ocrx_word' id='word_1_31' title='bbox 1935 542 2091 625; x_wconf 74' lang='lat' dir='ltr'>ciue,</span> <span class='ocrx_word' id='word_1_32' title='bbox 2139 542 2219 606; x_wconf 91' lang='lat' dir='ltr'>ad</span> <span class='ocrx_word' id='word_1_33' title='bbox 2264 564 2367 606; x_wconf 91' lang='lat' dir='ltr'>me</span> <span class='ocrx_word' id='word_1_34' title='bbox 2411 543 2592 606; x_wconf 80' lang='lat' dir='ltr'>venit</span> 
     </span>
     <span class='ocr_line' id='line_1_5' title="bbox 243 630 2591 717; baseline -0.001 -18"><span class='ocrx_word' id='word_1_35' title='bbox 243 637 315 699; x_wconf 90' lang='lat' dir='ltr'>et</span> <span class='ocrx_word' id='word_1_36' title='bbox 360 632 525 697; x_wconf 84' lang='lat' dir='ltr'>mihi</span> <span class='ocrx_word' id='word_1_37' title='bbox 568 632 900 697; x_wconf 82' lang='lat' dir='ltr'>nuntiavit</span> <span class='ocrx_word' id='word_1_38' title='bbox 935 630 1023 695; x_wconf 88' lang='lat' dir='ltr'>M.</span> <span class='ocrx_word' id='word_1_39' title='bbox 1060 630 1456 709; x_wconf 89' lang='lat' dir='ltr'>Marcellum,</span> <span class='ocrx_word' id='word_1_40' title='bbox 1502 631 1820 717; x_wconf 82' lang='lat' dir='ltr'>collegam</span> <span class='ocrx_word' id='word_1_41' title='bbox 1855 632 2168 714; x_wconf 88' lang='lat' dir='ltr'>nostrum,</span> <span class='ocrx_word' id='word_1_42' title='bbox 2212 634 2364 714; x_wconf 90' lang='lat' dir='ltr'>post</span> <span class='ocrx_word' id='word_1_43' title='bbox 2398 652 2591 696; x_wconf 86' lang='lat' dir='ltr'>cenae</span> 
     </span>
     <span class='ocr_line' id='line_1_6' title="bbox 242 717 2591 806; baseline -0.002 -19"><span class='ocrx_word' id='word_1_44' title='bbox 242 726 509 806; x_wconf 91' lang='lat' dir='ltr'>tempus</span> <span class='ocrx_word' id='word_1_45' title='bbox 559 744 614 786; x_wconf 89' lang='lat' dir='ltr'>a.</span> <span class='ocrx_word' id='word_1_46' title='bbox 660 719 729 785; x_wconf 91' lang='lat' dir='ltr'>P.</span> <span class='ocrx_word' id='word_1_47' title='bbox 775 720 996 805; x_wconf 88' lang='lat' dir='ltr'>Magio</span> <span class='ocrx_word' id='word_1_48' title='bbox 1039 717 1284 803; x_wconf 81' lang='lat' dir='ltr'>Cilone,</span> <span class='ocrx_word' id='word_1_49' title='bbox 1328 718 1639 783; x_wconf 85' lang='lat' dir='ltr'>familiari</span> <span class='ocrx_word' id='word_1_50' title='bbox 1686 720 1842 801; x_wconf 90' lang='lat' dir='ltr'>eius,</span> <span class='ocrx_word' id='word_1_51' title='bbox 1886 719 2171 803; x_wconf 84' lang='lat' dir='ltr'>pugione</span> <span class='ocrx_word' id='word_1_52' title='bbox 2216 740 2591 802; x_wconf 88' lang='lat' dir='ltr'>percussum</span> 
     </span>
     <span class='ocr_line' id='line_1_7' title="bbox 239 807 2591 892; baseline -0.001 -16"><span class='ocrx_word' id='word_1_53' title='bbox 239 832 385 876; x_wconf 90' lang='lat' dir='ltr'>esse</span> <span class='ocrx_word' id='word_1_54' title='bbox 433 813 500 874; x_wconf 89' lang='lat' dir='ltr'>et</span> <span class='ocrx_word' id='word_1_55' title='bbox 547 810 670 874; x_wconf 92' lang='lat' dir='ltr'>duo</span> <span class='ocrx_word' id='word_1_56' title='bbox 718 810 981 874; x_wconf 84' lang='lat' dir='ltr'>vulnera</span> <span class='ocrx_word' id='word_1_57' title='bbox 1029 809 1379 892; x_wconf 89' lang='lat' dir='ltr'>accepisse,</span> <span class='ocrx_word' id='word_1_58' title='bbox 1426 830 1627 873; x_wconf 92' lang='lat' dir='ltr'>unum</span> <span class='ocrx_word' id='word_1_59' title='bbox 1674 808 1742 871; x_wconf 90' lang='lat' dir='ltr'>in</span> <span class='ocrx_word' id='word_1_60' title='bbox 1789 807 2154 890; x_wconf 87' lang='lat' dir='ltr'>stomacho,</span> <span class='ocrx_word' id='word_1_61' title='bbox 2201 809 2475 872; x_wconf 88' lang='lat' dir='ltr'>alterum</span> <span class='ocrx_word' id='word_1_62' title='bbox 2521 809 2591 873; x_wconf 94' lang='lat' dir='ltr'>in</span> 
     </span>
     <span class='ocr_line' id='line_1_8' title="bbox 241 897 2589 984; baseline -0.002 -19"><span class='ocrx_word' id='word_1_63' title='bbox 241 900 459 984; x_wconf 89' lang='lat' dir='ltr'>capite</span> <span class='ocrx_word' id='word_1_64' title='bbox 523 898 873 963; x_wconf 89' lang='lat' dir='ltr'>secundum</span> <span class='ocrx_word' id='word_1_65' title='bbox 936 917 1186 980; x_wconf 83' lang='lat' dir='ltr'>aurem3</span> <span class='ocrx_word' id='word_1_66' title='bbox 1261 918 1519 980; x_wconf 86' lang='lat' dir='ltr'>sperare</span> <span class='ocrx_word' id='word_1_67' title='bbox 1584 900 1804 961; x_wconf 88' lang='lat' dir='ltr'>tamen</span> <span class='ocrx_word' id='word_1_68' title='bbox 1867 918 2011 960; x_wconf 92' lang='lat' dir='ltr'>eum</span> <span class='ocrx_word' id='word_1_69' title='bbox 2084 897 2299 961; x_wconf 84' lang='lat' dir='ltr'>vivere</span> <span class='ocrx_word' id='word_1_70' title='bbox 2372 918 2589 982; x_wconf 81' lang='lat' dir='ltr'>posse3</span> 
     </span>
     <span class='ocr_line' id='line_1_9' title="bbox 238 983 2591 1073; baseline -0.001 -21"><span class='ocrx_word' id='word_1_71' title='bbox 238 987 537 1073; x_wconf 89' lang='lat' dir='ltr'>Magium</span> <span class='ocrx_word' id='word_1_72' title='bbox 594 1008 662 1051; x_wconf 94' lang='lat' dir='ltr'>se</span> <span class='ocrx_word' id='word_1_73' title='bbox 715 989 929 1070; x_wconf 91' lang='lat' dir='ltr'>ipsum</span> <span class='ocrx_word' id='word_1_74' title='bbox 983 986 1384 1050; x_wconf 76' lang='lat' dir='ltr'>interfecisse</span> <span class='ocrx_word' id='word_1_75' title='bbox 1438 989 1692 1071; x_wconf 80' lang='lat' dir='ltr'>postea3</span> <span class='ocrx_word' id='word_1_76' title='bbox 1759 1006 1828 1049; x_wconf 92' lang='lat' dir='ltr'>se</span> <span class='ocrx_word' id='word_1_77' title='bbox 1892 1007 1931 1049; x_wconf 86' lang='lat' dir='ltr'>a</span> <span class='ocrx_word' id='word_1_78' title='bbox 1984 983 2292 1051; x_wconf 87' lang='lat' dir='ltr'>Marcello</span> <span class='ocrx_word' id='word_1_79' title='bbox 2351 986 2432 1050; x_wconf 92' lang='lat' dir='ltr'>ad</span> <span class='ocrx_word' id='word_1_80' title='bbox 2489 1007 2591 1050; x_wconf 91' lang='lat' dir='ltr'>me</span> 
     </span>
     <span class='ocr_line' id='line_1_10' title="bbox 243 1073 2594 1159; baseline -0.001 -18"><span class='ocrx_word' id='word_1_81' title='bbox 243 1077 523 1142; x_wconf 92' lang='lat' dir='ltr'>missum</span> <span class='ocrx_word' id='word_1_82' title='bbox 581 1095 746 1158; x_wconf 90' lang='lat' dir='ltr'>esse,</span> <span class='ocrx_word' id='word_1_83' title='bbox 812 1076 924 1159; x_wconf 90' lang='lat' dir='ltr'>qui</span> <span class='ocrx_word' id='word_1_84' title='bbox 978 1074 1139 1139; x_wconf 91' lang='lat' dir='ltr'>haec</span> <span class='ocrx_word' id='word_1_85' title='bbox 1190 1074 1520 1138; x_wconf 72' lang='lat' dir='ltr'>nuntiaret</span> <span class='ocrx_word' id='word_1_86' title='bbox 1564 1075 1641 1139; x_wconf 87' lang='lat' dir='ltr'>&#39;et</span> <span class='ocrx_word' id='word_1_87' title='bbox 1693 1077 1981 1159; x_wconf 85' lang='lat' dir='ltr'>rogaret,</span> <span class='ocrx_word' id='word_1_88' title='bbox 2046 1074 2146 1138; x_wconf 91' lang='lat' dir='ltr'>uti</span> <span class='ocrx_word' id='word_1_89' title='bbox 2199 1073 2482 1139; x_wconf 91' lang='lat' dir='ltr'>medicos</span> <span class='ocrx_word' id='word_1_90' title='bbox 2536 1075 2594 1139; x_wconf 80' lang='lat' dir='ltr'>ei</span> 
     </span>
     <span class='ocr_line' id='line_1_11' title="bbox 243 1162 2590 1248; baseline -0.001 -19"><span class='ocrx_word' id='word_1_91' title='bbox 243 1167 580 1242; x_wconf 75' lang='lat' dir='ltr'>mitterem;</span> <span class='ocrx_word' id='word_1_92' title='bbox 635 1165 842 1246; x_wconf 77' lang='lat' dir='ltr'>itaque</span> <span class='ocrx_word' id='word_1_93' title='bbox 895 1164 1155 1228; x_wconf 81' lang='lat' dir='ltr'>medicos</span> <span class='ocrx_word' id='word_1_94' title='bbox 1200 1163 1384 1248; x_wconf 68' lang='lat' dir='ltr'>coegi</span> <span class='ocrx_word' id='word_1_95' title='bbox 1430 1166 1496 1228; x_wconf 92' lang='lat' dir='ltr'>et</span> <span class='ocrx_word' id='word_1_96' title='bbox 1543 1185 1576 1228; x_wconf 92' lang='lat' dir='ltr'>e</span> <span class='ocrx_word' id='word_1_97' title='bbox 1624 1162 1900 1247; x_wconf 84' lang='lat' dir='ltr'>vestigio</span> <span class='ocrx_word' id='word_1_98' title='bbox 1948 1184 2023 1228; x_wconf 90' lang='lat' dir='ltr'>eo</span> <span class='ocrx_word' id='word_1_99' title='bbox 2073 1184 2215 1227; x_wconf 91' lang='lat' dir='ltr'>sum</span> <span class='ocrx_word' id='word_1_100' title='bbox 2262 1163 2590 1247; x_wconf 89' lang='lat' dir='ltr'>profectus</span> 
     </span>
     <span class='ocr_line' id='line_1_12' title="bbox 245 1250 2593 1339; baseline -0.001 -21"><span class='ocrx_word' id='word_1_101' title='bbox 245 1254 463 1339; x_wconf 88' lang='lat' dir='ltr'>prima</span> <span class='ocrx_word' id='word_1_102' title='bbox 506 1254 666 1318; x_wconf 91' lang='lat' dir='ltr'>luce.</span> <span class='ocrx_word' id='word_1_103' title='bbox 757 1250 920 1317; x_wconf 84' lang='lat' dir='ltr'>Cum</span> <span class='ocrx_word' id='word_1_104' title='bbox 966 1272 1098 1316; x_wconf 89' lang='lat' dir='ltr'>non</span> <span class='ocrx_word' id='word_1_105' title='bbox 1141 1252 1333 1337; x_wconf 87' lang='lat' dir='ltr'>longe</span> <span class='ocrx_word' id='word_1_106' title='bbox 1381 1274 1420 1317; x_wconf 93' lang='lat' dir='ltr'>a</span> <span class='ocrx_word' id='word_1_107' title='bbox 1464 1251 1695 1318; x_wconf 90' lang='lat' dir='ltr'>Piraeo</span> <span class='ocrx_word' id='word_1_108' title='bbox 1744 1251 2064 1335; x_wconf 88' lang='lat' dir='ltr'>abessem,</span> <span class='ocrx_word' id='word_1_109' title='bbox 2117 1272 2277 1335; x_wconf 89' lang='lat' dir='ltr'>puer</span> <span class='ocrx_word' id='word_1_110' title='bbox 2330 1251 2593 1316; x_wconf 90' lang='lat' dir='ltr'>Acidini</span> 
     </span>
     <span class='ocr_line' id='line_1_13' title="bbox 247 1340 2591 1425; baseline -0 -19"><span class='ocrx_word' id='word_1_111' title='bbox 247 1342 512 1407; x_wconf 82' lang='lat' dir='ltr'>obviam</span> <span class='ocrx_word' id='word_1_112' title='bbox 577 1340 739 1406; x_wconf 82' lang='lat' dir='ltr'>mihi</span> <span class='ocrx_word' id='word_1_113' title='bbox 803 1341 983 1405; x_wconf 87' lang='lat' dir='ltr'>venit</span> <span class='ocrx_word' id='word_1_114' title='bbox 1046 1362 1194 1405; x_wconf 92' lang='lat' dir='ltr'>cum</span> <span class='ocrx_word' id='word_1_115' title='bbox 1253 1340 1599 1421; x_wconf 83' lang='lat' dir='ltr'>codicillis,</span> <span class='ocrx_word' id='word_1_116' title='bbox 1662 1341 1731 1406; x_wconf 91' lang='lat' dir='ltr'>in</span> <span class='ocrx_word' id='word_1_117' title='bbox 1786 1341 2018 1425; x_wconf 87' lang='lat' dir='ltr'>quibus</span> <span class='ocrx_word' id='word_1_118' title='bbox 2076 1343 2216 1404; x_wconf 89' lang='lat' dir='ltr'>erat</span> <span class='ocrx_word' id='word_1_119' title='bbox 2276 1340 2591 1424; x_wconf 90' lang='lat' dir='ltr'>scriptum</span> 
     </span>
     <span class='ocr_line' id='line_1_14' title="bbox 241 1428 2592 1515; baseline -0.001 -19"><span class='ocrx_word' id='word_1_120' title='bbox 241 1432 442 1515; x_wconf 90' lang='lat' dir='ltr'>paulo</span> <span class='ocrx_word' id='word_1_121' title='bbox 523 1434 672 1495; x_wconf 87' lang='lat' dir='ltr'>ante</span> <span class='ocrx_word' id='word_1_122' title='bbox 751 1430 960 1494; x_wconf 92' lang='lat' dir='ltr'>lucem</span> <span class='ocrx_word' id='word_1_123' title='bbox 1022 1428 1399 1494; x_wconf 89' lang='lat' dir='ltr'>Marcellum</span> <span class='ocrx_word' id='word_1_124' title='bbox 1475 1430 1645 1494; x_wconf 91' lang='lat' dir='ltr'>diem</span> <span class='ocrx_word' id='word_1_125' title='bbox 1722 1452 1907 1494; x_wconf 92' lang='lat' dir='ltr'>suum</span> <span class='ocrx_word' id='word_1_126' title='bbox 1983 1429 2215 1494; x_wconf 90' lang='lat' dir='ltr'>obisse.</span> <span class='ocrx_word' id='word_1_127' title='bbox 2324 1429 2430 1494; x_wconf 87' lang='lat' dir='ltr'>Ita</span> <span class='ocrx_word' id='word_1_128' title='bbox 2494 1430 2592 1494; x_wconf 84' lang='lat' dir='ltr'>vir</span> 
     </span>
     <span class='ocr_line' id='line_1_15' title="bbox 239 1518 2590 1600; baseline -0.001 -15"><span class='ocrx_word' id='word_1_129' title='bbox 239 1520 649 1585; x_wconf 88' lang='lat' dir='ltr'>clarissimus</span> <span class='ocrx_word' id='word_1_130' title='bbox 680 1519 763 1583; x_wconf 89' lang='lat' dir='ltr'>ab</span> <span class='ocrx_word' id='word_1_131' title='bbox 789 1518 1056 1583; x_wconf 88' lang='lat' dir='ltr'>homine</span> <span class='ocrx_word' id='word_1_132' title='bbox 1086 1518 1431 1582; x_wconf 87' lang='lat' dir='ltr'>deterrimo</span> <span class='ocrx_word' id='word_1_133' title='bbox 1463 1518 1882 1582; x_wconf 88' lang='lat' dir='ltr'>acerbissima</span> <span class='ocrx_word' id='word_1_134' title='bbox 1910 1521 2118 1583; x_wconf 91' lang='lat' dir='ltr'>morte</span> <span class='ocrx_word' id='word_1_135' title='bbox 2149 1521 2251 1582; x_wconf 87' lang='lat' dir='ltr'>est</span> <span class='ocrx_word' id='word_1_136' title='bbox 2279 1518 2590 1600; x_wconf 89' lang='lat' dir='ltr'>adfectus,</span> 
     </span>
     <span class='ocr_line' id='line_1_16' title="bbox 246 1605 2591 1693; baseline -0 -20"><span class='ocrx_word' id='word_1_137' title='bbox 246 1611 342 1693; x_wconf 89' lang='lat' dir='ltr'>et,</span> <span class='ocrx_word' id='word_1_138' title='bbox 399 1609 500 1673; x_wconf 91' lang='lat' dir='ltr'>cui</span> <span class='ocrx_word' id='word_1_139' title='bbox 555 1607 805 1673; x_wconf 90' lang='lat' dir='ltr'>inimici</span> <span class='ocrx_word' id='word_1_140' title='bbox 859 1610 1127 1691; x_wconf 88' lang='lat' dir='ltr'>propter</span> <span class='ocrx_word' id='word_1_141' title='bbox 1182 1605 1566 1690; x_wconf 85' lang='lat' dir='ltr'>dignitatem</span> <span class='ocrx_word' id='word_1_142' title='bbox 1621 1609 2072 1692; x_wconf 84' lang='lat' dir='ltr'>pepercerant,</span> <span class='ocrx_word' id='word_1_143' title='bbox 2130 1609 2433 1672; x_wconf 84' lang='lat' dir='ltr'>inventus</span> <span class='ocrx_word' id='word_1_144' title='bbox 2491 1611 2591 1672; x_wconf 91' lang='lat' dir='ltr'>est</span> 
     </span>
     <span class='ocr_line' id='line_1_17' title="bbox 246 1694 2655 1783; baseline 0.001 -22"><span class='ocrx_word' id='word_1_145' title='bbox 246 1697 516 1781; x_wconf 85' lang='lat' dir='ltr'>amicus,</span> <span class='ocrx_word' id='word_1_146' title='bbox 563 1697 672 1783; x_wconf 92' lang='lat' dir='ltr'>qui</span> <span class='ocrx_word' id='word_1_147' title='bbox 721 1696 782 1760; x_wconf 91' lang='lat' dir='ltr'>ei</span> <span class='ocrx_word' id='word_1_148' title='bbox 825 1699 1105 1760; x_wconf 88' lang='lat' dir='ltr'>mortem</span> <span class='ocrx_word' id='word_1_149' title='bbox 1153 1695 1425 1759; x_wconf 89' lang='lat' dir='ltr'>offerret.</span> <span class='ocrx_word' id='word_1_150' title='bbox 1516 1694 1663 1782; x_wconf 82' lang='lat' dir='ltr'>Ego</span> <span class='ocrx_word' id='word_1_151' title='bbox 1708 1701 1929 1759; x_wconf 91' lang='lat' dir='ltr'>tamen</span> <span class='ocrx_word' id='word_1_152' title='bbox 1976 1695 2056 1759; x_wconf 89' lang='lat' dir='ltr'>ad</span> <span class='ocrx_word' id='word_1_153' title='bbox 2101 1696 2655 1763; x_wconf 85' lang='lat' dir='ltr'>tabernaculum3</span> 
     </span>
     <span class='ocr_line' id='line_1_18' title="bbox 246 1783 2590 1870; baseline -0 -19"><span class='ocrx_word' id='word_1_154' title='bbox 246 1786 386 1851; x_wconf 90' lang='lat' dir='ltr'>eius</span> <span class='ocrx_word' id='word_1_155' title='bbox 432 1785 711 1869; x_wconf 84' lang='lat' dir='ltr'>perrexi:</span> <span class='ocrx_word' id='word_1_156' title='bbox 758 1785 974 1849; x_wconf 85' lang='lat' dir='ltr'>inveni</span> <span class='ocrx_word' id='word_1_157' title='bbox 1022 1783 1182 1848; x_wconf 91' lang='lat' dir='ltr'>duos</span> <span class='ocrx_word' id='word_1_158' title='bbox 1229 1783 1502 1848; x_wconf 90' lang='lat' dir='ltr'>libertos</span> <span class='ocrx_word' id='word_1_159' title='bbox 1552 1788 1618 1848; x_wconf 88' lang='lat' dir='ltr'>et</span> <span class='ocrx_word' id='word_1_160' title='bbox 1659 1784 1969 1868; x_wconf 89' lang='lat' dir='ltr'>pauculos</span> <span class='ocrx_word' id='word_1_161' title='bbox 2008 1806 2255 1870; x_wconf 84' lang='lat' dir='ltr'>servos3</span> <span class='ocrx_word' id='word_1_162' title='bbox 2302 1784 2590 1869; x_wconf 87' lang='lat' dir='ltr'>reliquos</span> 
     </span>
     <span class='ocr_line' id='line_1_19' title="bbox 247 1873 2592 1958; baseline -0 -19"><span class='ocrx_word' id='word_1_163' title='bbox 247 1875 512 1939; x_wconf 84' lang='lat' dir='ltr'>aiebant</span> <span class='ocrx_word' id='word_1_164' title='bbox 554 1873 919 1958; x_wconf 81' lang='lat' dir='ltr'>profugisse</span> <span class='ocrx_word' id='word_1_165' title='bbox 968 1874 1144 1936; x_wconf 90' lang='lat' dir='ltr'>metu</span> <span class='ocrx_word' id='word_1_166' title='bbox 1189 1873 1590 1957; x_wconf 86' lang='lat' dir='ltr'>perterritos,</span> <span class='ocrx_word' id='word_1_167' title='bbox 1635 1873 1806 1958; x_wconf 91' lang='lat' dir='ltr'>quod</span> <span class='ocrx_word' id='word_1_168' title='bbox 1844 1873 2143 1938; x_wconf 82' lang='lat' dir='ltr'>dominus</span> <span class='ocrx_word' id='word_1_169' title='bbox 2182 1895 2404 1938; x_wconf 90' lang='lat' dir='ltr'>eorum</span> <span class='ocrx_word' id='word_1_170' title='bbox 2442 1877 2592 1938; x_wconf 89' lang='lat' dir='ltr'>ante</span> 
     </span>
     <span class='ocr_line' id='line_1_20' title="bbox 245 1959 2594 2028; baseline -0 0"><span class='ocrx_word' id='word_1_171' title='bbox 245 1963 737 2028; x_wconf 88' lang='lat' dir='ltr'>tabernaculum</span> <span class='ocrx_word' id='word_1_172' title='bbox 803 1960 1180 2026; x_wconf 88' lang='lat' dir='ltr'>interfectus</span> <span class='ocrx_word' id='word_1_173' title='bbox 1247 1964 1436 2026; x_wconf 90' lang='lat' dir='ltr'>esset.</span> <span class='ocrx_word' id='word_1_174' title='bbox 1537 1959 1815 2027; x_wconf 81' lang='lat' dir='ltr'>Coactus</span> <span class='ocrx_word' id='word_1_175' title='bbox 1878 1984 2020 2027; x_wconf 90' lang='lat' dir='ltr'>sum</span> <span class='ocrx_word' id='word_1_176' title='bbox 2073 1962 2141 2027; x_wconf 91' lang='lat' dir='ltr'>in</span> <span class='ocrx_word' id='word_1_177' title='bbox 2200 1961 2424 2027; x_wconf 92' lang='lat' dir='ltr'>eadem</span> <span class='ocrx_word' id='word_1_178' title='bbox 2478 1962 2594 2027; x_wconf 90' lang='lat' dir='ltr'>illa</span> 
     </span>
     <span class='ocr_line' id='line_1_21' title="bbox 244 2049 2592 2138; baseline 0 -23"><span class='ocrx_word' id='word_1_179' title='bbox 244 2053 509 2135; x_wconf 86' lang='lat' dir='ltr'>lectica,</span> <span class='ocrx_word' id='word_1_180' title='bbox 566 2074 693 2136; x_wconf 86' lang='lat' dir='ltr'>qua</span> <span class='ocrx_word' id='word_1_181' title='bbox 747 2051 889 2134; x_wconf 92' lang='lat' dir='ltr'>ipse</span> <span class='ocrx_word' id='word_1_182' title='bbox 948 2049 1196 2114; x_wconf 90' lang='lat' dir='ltr'>delatus</span> <span class='ocrx_word' id='word_1_183' title='bbox 1253 2062 1456 2134; x_wconf 81' lang='lat' dir='ltr'>eram,</span> <span class='ocrx_word' id='word_1_184' title='bbox 1511 2051 1795 2134; x_wconf 89' lang='lat' dir='ltr'>meisque</span> <span class='ocrx_word' id='word_1_185' title='bbox 1848 2051 2194 2138; x_wconf 80' lang='lat' dir='ltr'>lecticariis</span> <span class='ocrx_word' id='word_1_186' title='bbox 2249 2052 2319 2116; x_wconf 94' lang='lat' dir='ltr'>in</span> <span class='ocrx_word' id='word_1_187' title='bbox 2364 2051 2592 2116; x_wconf 86' lang='lat' dir='ltr'>urbem</span> 
     </span>
     <span class='ocr_line' id='line_1_22' title="bbox 247 2139 2594 2224; baseline -0 -19"><span class='ocrx_word' id='word_1_188' title='bbox 247 2163 400 2205; x_wconf 87' lang='lat' dir='ltr'>eum</span> <span class='ocrx_word' id='word_1_189' title='bbox 444 2139 698 2223; x_wconf 89' lang='lat' dir='ltr'>referre,</span> <span class='ocrx_word' id='word_1_190' title='bbox 742 2139 962 2224; x_wconf 91' lang='lat' dir='ltr'>ibique</span> <span class='ocrx_word' id='word_1_191' title='bbox 1009 2159 1127 2222; x_wconf 87' lang='lat' dir='ltr'>pro</span> <span class='ocrx_word' id='word_1_192' title='bbox 1178 2160 1254 2203; x_wconf 89' lang='lat' dir='ltr'>ea</span> <span class='ocrx_word' id='word_1_193' title='bbox 1299 2139 1502 2223; x_wconf 91' lang='lat' dir='ltr'>copia,</span> <span class='ocrx_word' id='word_1_194' title='bbox 1549 2162 1713 2224; x_wconf 88' lang='lat' dir='ltr'>quae</span> <span class='ocrx_word' id='word_1_195' title='bbox 1759 2139 2035 2204; x_wconf 88' lang='lat' dir='ltr'>Athenis</span> <span class='ocrx_word' id='word_1_196' title='bbox 2086 2143 2243 2224; x_wconf 90' lang='lat' dir='ltr'>erat,</span> <span class='ocrx_word' id='word_1_197' title='bbox 2291 2139 2485 2205; x_wconf 87' lang='lat' dir='ltr'>funus</span> <span class='ocrx_word' id='word_1_198' title='bbox 2534 2142 2594 2205; x_wconf 91' lang='lat' dir='ltr'>ei</span> 
     </span>
     <span class='ocr_line' id='line_1_23' title="bbox 247 2226 2593 2313; baseline 0 -19"><span class='ocrx_word' id='word_1_199' title='bbox 247 2230 413 2294; x_wconf 92' lang='lat' dir='ltr'>satis</span> <span class='ocrx_word' id='word_1_200' title='bbox 480 2229 766 2313; x_wconf 89' lang='lat' dir='ltr'>amplum</span> <span class='ocrx_word' id='word_1_201' title='bbox 827 2226 1190 2292; x_wconf 90' lang='lat' dir='ltr'>faciendum</span> <span class='ocrx_word' id='word_1_202' title='bbox 1256 2229 1491 2292; x_wconf 80' lang='lat' dir='ltr'>curavi.</span> <span class='ocrx_word' id='word_1_203' title='bbox 1602 2228 1707 2293; x_wconf 90' lang='lat' dir='ltr'>Ab</span> <span class='ocrx_word' id='word_1_204' title='bbox 1771 2227 2306 2313; x_wconf 88' lang='lat' dir='ltr'>Atheniensibus,</span> <span class='ocrx_word' id='word_1_205' title='bbox 2380 2230 2593 2294; x_wconf 91' lang='lat' dir='ltr'>locum</span> 
     </span>
     <span class='ocr_line' id='line_1_24' title="bbox 247 2316 2592 2402; baseline -0.001 -19"><span class='ocrx_word' id='word_1_206' title='bbox 247 2318 623 2401; x_wconf 88' lang='lat' dir='ltr'>sepulturae</span> <span class='ocrx_word' id='word_1_207' title='bbox 668 2317 845 2381; x_wconf 87' lang='lat' dir='ltr'>intra</span> <span class='ocrx_word' id='word_1_208' title='bbox 889 2316 1115 2380; x_wconf 88' lang='lat' dir='ltr'>urbem</span> <span class='ocrx_word' id='word_1_209' title='bbox 1165 2319 1238 2379; x_wconf 89' lang='lat' dir='ltr'>ut</span> <span class='ocrx_word' id='word_1_210' title='bbox 1284 2316 1539 2400; x_wconf 89' lang='lat' dir='ltr'>darent,</span> <span class='ocrx_word' id='word_1_211' title='bbox 1584 2317 1933 2400; x_wconf 89' lang='lat' dir='ltr'>impetrare</span> <span class='ocrx_word' id='word_1_212' title='bbox 1977 2339 2113 2382; x_wconf 93' lang='lat' dir='ltr'>non</span> <span class='ocrx_word' id='word_1_213' title='bbox 2157 2317 2370 2401; x_wconf 89' lang='lat' dir='ltr'>potui,</span> <span class='ocrx_word' id='word_1_214' title='bbox 2423 2317 2592 2402; x_wconf 91' lang='lat' dir='ltr'>quod</span> 
     </span>
     <span class='ocr_line' id='line_1_25' title="bbox 243 2403 2593 2492; baseline 0 -22"><span class='ocrx_word' id='word_1_215' title='bbox 243 2407 563 2492; x_wconf 89' lang='lat' dir='ltr'>religione</span> <span class='ocrx_word' id='word_1_216' title='bbox 612 2428 679 2470; x_wconf 92' lang='lat' dir='ltr'>se</span> <span class='ocrx_word' id='word_1_217' title='bbox 724 2405 1023 2490; x_wconf 91' lang='lat' dir='ltr'>impediri</span> <span class='ocrx_word' id='word_1_218' title='bbox 1073 2403 1385 2487; x_wconf 82' lang='lat' dir='ltr'>dicerent3</span> <span class='ocrx_word' id='word_1_219' title='bbox 1430 2427 1640 2490; x_wconf 90' lang='lat' dir='ltr'>neque</span> <span class='ocrx_word' id='word_1_220' title='bbox 1683 2409 1905 2469; x_wconf 87' lang='lat' dir='ltr'>tamen</span> <span class='ocrx_word' id='word_1_221' title='bbox 1948 2406 2014 2469; x_wconf 92' lang='lat' dir='ltr'>id</span> <span class='ocrx_word' id='word_1_222' title='bbox 2061 2409 2251 2470; x_wconf 90' lang='lat' dir='ltr'>antea</span> <span class='ocrx_word' id='word_1_223' title='bbox 2297 2406 2593 2491; x_wconf 87' lang='lat' dir='ltr'>cuiquam</span> 
     </span>
     <span class='ocr_line' id='line_1_26' title="bbox 242 2493 2594 2580; baseline -0.001 -21"><span class='ocrx_word' id='word_1_224' title='bbox 242 2498 730 2560; x_wconf 82' lang='lat' dir='ltr'>concesserant:</span> <span class='ocrx_word' id='word_1_225' title='bbox 786 2493 955 2579; x_wconf 89' lang='lat' dir='ltr'>quod</span> <span class='ocrx_word' id='word_1_226' title='bbox 1000 2493 1369 2575; x_wconf 87' lang='lat' dir='ltr'>proximum</span> <span class='ocrx_word' id='word_1_227' title='bbox 1415 2493 1570 2571; x_wconf 88' lang='lat' dir='ltr'>fuit,</span> <span class='ocrx_word' id='word_1_228' title='bbox 1616 2494 1716 2557; x_wconf 87' lang='lat' dir='ltr'>uti</span> <span class='ocrx_word' id='word_1_229' title='bbox 1761 2494 1830 2556; x_wconf 91' lang='lat' dir='ltr'>in</span> <span class='ocrx_word' id='word_1_230' title='bbox 1875 2516 2002 2577; x_wconf 88' lang='lat' dir='ltr'>quo</span> <span class='ocrx_word' id='word_1_231' title='bbox 2048 2493 2361 2558; x_wconf 86' lang='lat' dir='ltr'>vellemus</span> <span class='ocrx_word' id='word_1_232' title='bbox 2409 2515 2594 2580; x_wconf 87' lang='lat' dir='ltr'>gym-</span> 
     </span>
     <span class='ocr_line' id='line_1_27' title="bbox 244 2581 2592 2666; baseline -0.001 -17"><span class='ocrx_word' id='word_1_233' title='bbox 244 2584 437 2649; x_wconf 88' lang='lat' dir='ltr'>nasio</span> <span class='ocrx_word' id='word_1_234' title='bbox 477 2605 621 2647; x_wconf 89' lang='lat' dir='ltr'>eum</span> <span class='ocrx_word' id='word_1_235' title='bbox 662 2583 1099 2666; x_wconf 90' lang='lat' dir='ltr'>sepeliremus,</span> <span class='ocrx_word' id='word_1_236' title='bbox 1144 2581 1334 2645; x_wconf 88' lang='lat' dir='ltr'>nobis</span> <span class='ocrx_word' id='word_1_237' title='bbox 1371 2583 1824 2664; x_wconf 88' lang='lat' dir='ltr'>permiserunt.</span> <span class='ocrx_word' id='word_1_238' title='bbox 1895 2581 2034 2647; x_wconf 91' lang='lat' dir='ltr'>Nos</span> <span class='ocrx_word' id='word_1_239' title='bbox 2071 2581 2142 2645; x_wconf 92' lang='lat' dir='ltr'>in</span> <span class='ocrx_word' id='word_1_240' title='bbox 2183 2582 2592 2647; x_wconf 90' lang='lat' dir='ltr'>nobilissimo</span> 
     </span>
     <span class='ocr_line' id='line_1_28' title="bbox 250 2669 2592 2756; baseline -0.002 -17"><span class='ocrx_word' id='word_1_241' title='bbox 250 2673 400 2739; x_wconf 89' lang='lat' dir='ltr'>orbi</span> <span class='ocrx_word' id='word_1_242' title='bbox 453 2675 772 2736; x_wconf 86' lang='lat' dir='ltr'>terrarum</span> <span class='ocrx_word' id='word_1_243' title='bbox 831 2670 1167 2756; x_wconf 85' lang='lat' dir='ltr'>gymnasio</span> <span class='ocrx_word' id='word_1_244' title='bbox 1225 2669 1612 2735; x_wconf 89' lang='lat' dir='ltr'>Academiae</span> <span class='ocrx_word' id='word_1_245' title='bbox 1672 2671 1888 2736; x_wconf 91' lang='lat' dir='ltr'>locum</span> <span class='ocrx_word' id='word_1_246' title='bbox 1953 2670 2309 2756; x_wconf 90' lang='lat' dir='ltr'>delegimus</span> <span class='ocrx_word' id='word_1_247' title='bbox 2374 2670 2592 2754; x_wconf 90' lang='lat' dir='ltr'>ibique</span> 
     </span>
    </p>
   </div>
   <div class='ocr_carea' id='block_1_3' title="bbox 243 2880 1369 3166">
    <p class='ocr_par' dir='ltr' id='par_1_3' title="bbox 243 2880 1369 3166">
     <span class='ocr_line' id='line_1_29' title="bbox 319 2880 1366 2952; baseline -0.003 -14"><span class='ocrx_word' id='word_1_248' title='bbox 319 2889 373 2938; x_wconf 93' lang='grc'><strong>2.</strong></span> <span class='ocrx_word' id='word_1_249' title='bbox 411 2882 544 2937; x_wconf 81' lang='lat' dir='ltr'>Post</span> <span class='ocrx_word' id='word_1_250' title='bbox 598 2882 740 2937; x_wconf 80' lang='lat' dir='ltr'>diem</span> <span class='ocrx_word' id='word_1_251' title='bbox 792 2881 1039 2952; x_wconf 78' lang='lat' dir='ltr'>tertium]</span> <span class='ocrx_word' id='word_1_252' title='bbox 1095 2881 1226 2934; x_wconf 85' lang='lat' dir='ltr'>Man</span> <span class='ocrx_word' id='word_1_253' title='bbox 1271 2880 1366 2936; x_wconf 90' lang='lat' dir='ltr'>be-</span> 
     </span>
     <span class='ocr_line' id='line_1_30' title="bbox 245 2951 1368 3020; baseline -0.004 -12"><span class='ocrx_word' id='word_1_254' title='bbox 245 2953 443 3020; x_wconf 85' lang='lat' dir='ltr'>achte,</span> <span class='ocrx_word' id='word_1_255' title='bbox 508 2952 631 3007; x_wconf 78' lang='lat' dir='ltr'>dass</span> <span class='ocrx_word' id='word_1_256' title='bbox 686 2952 792 3007; x_wconf 85' lang='lat' dir='ltr'>wie</span> <span class='ocrx_word' id='word_1_257' title='bbox 846 2951 996 3006; x_wconf 91' lang='lat' dir='ltr'>beim</span> <span class='ocrx_word' id='word_1_258' title='bbox 1051 2952 1368 3006; x_wconf 68' lang='lat' dir='ltr'>romischen</span> 
     </span>
     <span class='ocr_line' id='line_1_31' title="bbox 243 3022 1366 3091; baseline -0.004 -11"><span class='ocrx_word' id='word_1_259' title='bbox 243 3024 530 3080; x_wconf 86' lang='lat' dir='ltr'>Kalender</span> <span class='ocrx_word' id='word_1_260' title='bbox 574 3024 675 3078; x_wconf 88' lang='lat' dir='ltr'>der</span> <span class='ocrx_word' id='word_1_261' title='bbox 708 3022 981 3078; x_wconf 85' lang='lat' dir='ltr'>terminus</span> <span class='ocrx_word' id='word_1_262' title='bbox 1020 3040 1055 3077; x_wconf 90' lang='lat' dir='ltr'>a</span> <span class='ocrx_word' id='word_1_263' title='bbox 1091 3037 1200 3091; x_wconf 91' lang='lat' dir='ltr'>quo</span> <span class='ocrx_word' id='word_1_264' title='bbox 1238 3022 1366 3076; x_wconf 89' lang='lat' dir='ltr'>mit-</span> 
     </span>
     <span class='ocr_line' id='line_1_32' title="bbox 248 3093 1369 3166; baseline -0.002 -16"><span class='ocrx_word' id='word_1_265' title='bbox 248 3096 555 3166; x_wconf 82' lang='lat' dir='ltr'>gerechnet</span> <span class='ocrx_word' id='word_1_266' title='bbox 598 3093 755 3149; x_wconf 78' lang='lat' dir='ltr'>wird.</span> <span class='ocrx_word' id='word_1_267' title='bbox 827 3093 941 3147; x_wconf 91' lang='lat' dir='ltr'>Der</span> <span class='ocrx_word' id='word_1_268' title='bbox 979 3093 1206 3149; x_wconf 84' lang='lat' dir='ltr'>Genitiv</span> <span class='ocrx_word' id='word_1_269' title='bbox 1251 3095 1369 3148; x_wconf 75' lang='lat' dir='ltr'>eius</span> 
     </span>
    </p>
   </div>
   <div class='ocr_carea' id='block_1_4' title="bbox 1474 2866 2595 3163">
    <p class='ocr_par' dir='ltr' id='par_1_4' title="bbox 1474 2866 2595 3163">
     <span class='ocr_line' id='line_1_33' title="bbox 1546 2866 2594 2952; baseline 0.001 -18"><span class='ocrx_word' id='word_1_270' title='bbox 1546 2886 1594 2934; x_wconf 86' lang='lat'>3.</span> <span class='ocrx_word' id='word_1_271' title='bbox 1625 2880 1919 2952; x_wconf 72' lang='lat' dir='ltr'>pauculos]</span> <span class='ocrx_word' id='word_1_272' title='bbox 1957 2866 2108 2935; x_wconf 76' lang='lat' dir='ltr'>Uber</span> <span class='ocrx_word' id='word_1_273' title='bbox 2140 2880 2240 2934; x_wconf 85' lang='lat' dir='ltr'>das</span> <span class='ocrx_word' id='word_1_274' title='bbox 2268 2881 2594 2935; x_wconf 84' lang='lat' dir='ltr'>Deminutiv</span> 
     </span>
     <span class='ocr_line' id='line_1_34' title="bbox 1475 2949 2593 3024; baseline 0.003 -20"><span class='ocrx_word' id='word_1_275' title='bbox 1475 2970 1518 3004; x_wconf 87' lang='lat' dir='ltr'>s.</span> <span class='ocrx_word' id='word_1_276' title='bbox 1557 2970 1600 3005; x_wconf 88' lang='lat' dir='ltr'>z.</span> <span class='ocrx_word' id='word_1_277' title='bbox 1639 2949 1680 3005; x_wconf 92' lang='lat'>1.</span> <span class='ocrx_word' id='word_1_278' title='bbox 1719 2957 1803 3006; x_wconf 89' lang='grc'><strong>26.</strong></span> <span class='ocrx_word' id='word_1_279' title='bbox 1845 2958 1892 3006; x_wconf 92' lang='lat'>1.</span> <span class='ocrx_word' id='word_1_280' title='bbox 1938 2981 2011 2993; x_wconf 91' lang='grc'>--</span> <span class='ocrx_word' id='word_1_281' title='bbox 2055 2952 2221 3024; x_wconf 80' lang='lat' dir='ltr'>metu]</span> <span class='ocrx_word' id='word_1_282' title='bbox 2271 2952 2454 3007; x_wconf 89' lang='lat' dir='ltr'>Wenn</span> <span class='ocrx_word' id='word_1_283' title='bbox 2501 2954 2593 3007; x_wconf 88' lang='lat' dir='ltr'>ein</span> 
     </span>
     <span class='ocr_line' id='line_1_35' title="bbox 1474 3022 2595 3092; baseline 0.004 -17"><span class='ocrx_word' id='word_1_284' title='bbox 1474 3023 1681 3077; x_wconf 70' lang='lat' dir='ltr'>Romer</span> <span class='ocrx_word' id='word_1_285' title='bbox 1706 3022 1766 3076; x_wconf 89' lang='lat' dir='ltr'>in</span> <span class='ocrx_word' id='word_1_286' title='bbox 1785 3023 1967 3077; x_wconf 88' lang='lat' dir='ltr'>seiner</span> <span class='ocrx_word' id='word_1_287' title='bbox 1980 3024 2286 3092; x_wconf 84' lang='lat' dir='ltr'>Wohnung</span> <span class='ocrx_word' id='word_1_288' title='bbox 2314 3025 2595 3079; x_wconf 87' lang='lat' dir='ltr'>ermordet</span> 
     </span>
     <span class='ocr_line' id='line_1_36' title="bbox 1475 3092 2594 3163; baseline 0.003 -16"><span class='ocrx_word' id='word_1_289' title='bbox 1475 3092 1720 3162; x_wconf 85' lang='lat' dir='ltr'>worden,</span> <span class='ocrx_word' id='word_1_290' title='bbox 1748 3109 1810 3147; x_wconf 87' lang='lat' dir='ltr'>so</span> <span class='ocrx_word' id='word_1_291' title='bbox 1839 3094 2063 3148; x_wconf 86' lang='lat' dir='ltr'>wurden</span> <span class='ocrx_word' id='word_1_292' title='bbox 2083 3094 2194 3148; x_wconf 91' lang='lat' dir='ltr'>alle</span> <span class='ocrx_word' id='word_1_293' title='bbox 2217 3094 2477 3163; x_wconf 86' lang='lat' dir='ltr'>Sklaven,</span> <span class='ocrx_word' id='word_1_294' title='bbox 2503 3094 2594 3150; x_wconf 90' lang='lat' dir='ltr'>die</span> 
     </span>
    </p>
   </div>
   <div class='ocr_carea' id='block_1_5' title="bbox 246 3162 1377 4429">
    <p class='ocr_par' dir='ltr' id='par_1_5' title="bbox 246 3162 1372 3434">
     <span class='ocr_line' id='line_1_37' title="bbox 249 3162 1368 3235; baseline -0.003 -13"><span class='ocrx_word' id='word_1_295' title='bbox 249 3168 368 3223; x_wconf 75' lang='lat' dir='ltr'>diei</span> <span class='ocrx_word' id='word_1_296' title='bbox 418 3164 786 3235; x_wconf 76' lang='lat' dir='ltr'>hinzugeffigt</span> <span class='ocrx_word' id='word_1_297' title='bbox 838 3162 945 3219; x_wconf 79' lang='lat' dir='ltr'>wie</span> <span class='ocrx_word' id='word_1_298' title='bbox 996 3164 1056 3218; x_wconf 89' lang='lat' dir='ltr'>in</span> <span class='ocrx_word' id='word_1_299' title='bbox 1098 3165 1368 3234; x_wconf 77' lang='lat' dir='ltr'>postridie</span> 
     </span>
     <span class='ocr_line' id='line_1_38' title="bbox 246 3234 1367 3305; baseline -0.004 -12"><span class='ocrx_word' id='word_1_300' title='bbox 246 3240 368 3293; x_wconf 76' lang='lat' dir='ltr'>eius</span> <span class='ocrx_word' id='word_1_301' title='bbox 412 3238 525 3292; x_wconf 80' lang='lat' dir='ltr'>diei</span> <span class='ocrx_word' id='word_1_302' title='bbox 560 3235 729 3290; x_wconf 64' lang='lat' dir='ltr'>Casar</span> <span class='ocrx_word' id='word_1_303' title='bbox 756 3237 809 3290; x_wconf 93' lang='lat' dir='ltr'>b.</span> <span class='ocrx_word' id='word_1_304' title='bbox 839 3254 892 3305; x_wconf 88' lang='lat' dir='ltr'>g.</span> <span class='ocrx_word' id='word_1_305' title='bbox 924 3234 989 3292; x_wconf 88' lang='lat' dir='ltr'>V.</span> <span class='ocrx_word' id='word_1_306' title='bbox 1014 3241 1079 3288; x_wconf 90' lang='grc'>10</span> <span class='ocrx_word' id='word_1_307' title='bbox 1107 3253 1162 3288; x_wconf 90' lang='lat' dir='ltr'>u.</span> <span class='ocrx_word' id='word_1_308' title='bbox 1195 3239 1367 3290; x_wconf 86' lang='lat' dir='ltr'>sonst.</span> 
     </span>
     <span class='ocr_line' id='line_1_39' title="bbox 250 3305 1369 3378; baseline -0.003 -15"><span class='ocrx_word' id='word_1_309' title='bbox 250 3340 318 3349; x_wconf 86' lang='lat'>-—</span> <span class='ocrx_word' id='word_1_310' title='bbox 351 3309 420 3363; x_wconf 85' lang='lat' dir='ltr'>ab</span> <span class='ocrx_word' id='word_1_311' title='bbox 450 3307 706 3378; x_wconf 75' lang='lat' dir='ltr'>Athenis]</span> <span class='ocrx_word' id='word_1_312' title='bbox 736 3307 825 3371; x_wconf 83' lang='lat' dir='ltr'>ab,</span> <span class='ocrx_word' id='word_1_313' title='bbox 862 3305 1087 3361; x_wconf 86' lang='lat' dir='ltr'>obwohl</span> <span class='ocrx_word' id='word_1_314' title='bbox 1117 3306 1369 3361; x_wconf 84' lang='lat' dir='ltr'>offenbar</span> 
     </span>
     <span class='ocr_line' id='line_1_40' title="bbox 252 3376 1372 3434; baseline -0.002 0"><span class='ocrx_word' id='word_1_315' title='bbox 252 3381 348 3434; x_wconf 90' lang='lat' dir='ltr'>die</span> <span class='ocrx_word' id='word_1_316' title='bbox 391 3376 625 3433; x_wconf 86' lang='lat' dir='ltr'>Abreise</span> <span class='ocrx_word' id='word_1_317' title='bbox 682 3396 782 3432; x_wconf 87' lang='lat' dir='ltr'>aus</span> <span class='ocrx_word' id='word_1_318' title='bbox 838 3376 937 3431; x_wconf 92' lang='lat' dir='ltr'>der</span> <span class='ocrx_word' id='word_1_319' title='bbox 982 3377 1147 3431; x_wconf 85' lang='lat' dir='ltr'>Stadt</span> <span class='ocrx_word' id='word_1_320' title='bbox 1195 3378 1372 3432; x_wconf 88' lang='lat' dir='ltr'>selbst</span> 
     </span>
    </p>

    <p class='ocr_par' dir='ltr' id='par_1_6' title="bbox 294 3448 1367 3520">
     <span class='ocr_line' id='line_1_41' title="bbox 294 3448 1367 3520; baseline -0.001 -16"><span class='ocrx_word' id='word_1_321' title='bbox 294 3451 502 3504; x_wconf 88' lang='lat' dir='ltr'>emeint</span> <span class='ocrx_word' id='word_1_322' title='bbox 527 3450 618 3504; x_wconf 88' lang='lat' dir='ltr'>ist.</span> <span class='ocrx_word' id='word_1_323' title='bbox 642 3479 707 3489; x_wconf 97' lang='lat'><strong>—</strong></span> <span class='ocrx_word' id='word_1_324' title='bbox 731 3450 870 3503; x_wconf 78' lang='lat' dir='ltr'>hora</span> <span class='ocrx_word' id='word_1_325' title='bbox 896 3450 1006 3503; x_wconf 80' lang='lat' dir='ltr'>dec.</span> <span class='ocrx_word' id='word_1_326' title='bbox 1034 3448 1233 3520; x_wconf 76' lang='lat' dir='ltr'>noctis]</span> <span class='ocrx_word' id='word_1_327' title='bbox 1263 3448 1367 3503; x_wconf 90' lang='lat' dir='ltr'>Die</span> 
     </span>
    </p>

    <p class='ocr_par' dir='ltr' id='par_1_7' title="bbox 250 3519 1377 4429">
     <span class='ocr_line' id='line_1_42' title="bbox 312 3519 1377 3588; baseline -0.003 -13"><span class='ocrx_word' id='word_1_328' title='bbox 312 3520 444 3575; x_wconf 87' lang='lat' dir='ltr'>acht</span> <span class='ocrx_word' id='word_1_329' title='bbox 478 3520 667 3574; x_wconf 83' lang='lat' dir='ltr'>wurde</span> <span class='ocrx_word' id='word_1_330' title='bbox 704 3520 810 3575; x_wconf 84' lang='lat' dir='ltr'>wie</span> <span class='ocrx_word' id='word_1_331' title='bbox 843 3519 942 3573; x_wconf 88' lang='lat' dir='ltr'>der</span> <span class='ocrx_word' id='word_1_332' title='bbox 970 3521 1093 3588; x_wconf 83' lang='lat' dir='ltr'>Tag</span> <span class='ocrx_word' id='word_1_333' title='bbox 1119 3519 1177 3573; x_wconf 90' lang='lat' dir='ltr'>in</span> <span class='ocrx_word' id='word_1_334' title='bbox 1207 3519 1377 3573; x_wconf 69' lang='lat' dir='ltr'>zwblf</span> 
     </span>
     <span class='ocr_line' id='line_1_43' title="bbox 255 3589 1370 3664; baseline -0.003 -18"><span class='ocrx_word' id='word_1_335' title='bbox 255 3592 476 3664; x_wconf 84' lang='lat' dir='ltr'>gleiche</span> <span class='ocrx_word' id='word_1_336' title='bbox 532 3592 678 3645; x_wconf 86' lang='lat' dir='ltr'>nach</span> <span class='ocrx_word' id='word_1_337' title='bbox 733 3590 831 3645; x_wconf 91' lang='lat' dir='ltr'>der</span> <span class='ocrx_word' id='word_1_338' title='bbox 885 3589 1195 3645; x_wconf 87' lang='lat' dir='ltr'>Jahreszeit</span> <span class='ocrx_word' id='word_1_339' title='bbox 1248 3608 1370 3644; x_wconf 85' lang='lat' dir='ltr'>ver-</span> 
     </span>
     <span class='ocr_line' id='line_1_44' title="bbox 253 3661 1369 3731; baseline -0.002 -13"><span class='ocrx_word' id='word_1_340' title='bbox 253 3661 550 3719; x_wconf 86' lang='lat' dir='ltr'>schiedene</span> <span class='ocrx_word' id='word_1_341' title='bbox 596 3661 752 3715; x_wconf 90' lang='lat' dir='ltr'>Teile</span> <span class='ocrx_word' id='word_1_342' title='bbox 806 3662 1008 3730; x_wconf 79' lang='lat' dir='ltr'>(horae)</span> <span class='ocrx_word' id='word_1_343' title='bbox 1063 3662 1369 3731; x_wconf 88' lang='lat' dir='ltr'>eingeteilt.</span> 
     </span>
     <span class='ocr_line' id='line_1_45' title="bbox 253 3732 1372 3858; baseline -0.002 -70"><span class='ocrx_word' id='word_1_344' title='bbox 253 3765 322 3775; x_wconf 89' lang='lat'>—</span> <span class='ocrx_word' id='word_1_345' title='bbox 360 3733 573 3858; x_wconf 59' lang='grc' dir='ltr'><strong><em>οεῗαεὲὃ</em></strong></span> <span class='ocrx_word' id='word_1_346' title='bbox 595 3732 734 3857; x_wconf 61' lang='grc' dir='ltr'>ὔξει·</span> <span class='ocrx_word' id='word_1_347' title='bbox 779 3732 1037 3857; x_wconf 50' lang='lat' dir='ltr'>dicem</span> <span class='ocrx_word' id='word_1_348' title='bbox 1081 3733 1372 3856; x_wconf 48' lang='lat' dir='ltr'>dersglbgq</span> 
     </span>
     <span class='ocr_line' id='line_1_46' title="bbox 254 3819 1304 3872; baseline -0.003 -13"><span class='ocrx_word' id='word_1_349' title='bbox 254 3823 466 3860; x_wconf 59' lang='grc' dir='ltr'><strong>ιι..</strong></span> <span class='ocrx_word' id='word_1_350' title='bbox 579 3819 877 3858; x_wconf 77' lang='lat' dir='ltr'>..—8e</span> <span class='ocrx_word' id='word_1_351' title='bbox 1025 3820 1304 3872; x_wconf 74' lang='lat' dir='ltr'>um„1c</span> 
     </span>
     <span class='ocr_line' id='line_1_47' title="bbox 251 3805 1372 3942; baseline -0.003 -13"><span class='ocrx_word' id='word_1_352' title='bbox 251 3876 505 3940; x_wconf 84' lang='lat' dir='ltr'>hinter;“</span> <span class='ocrx_word' id='word_1_353' title='bbox 560 3873 619 3928; x_wconf 88' lang='lat' dir='ltr'>in</span> <span class='ocrx_word' id='word_1_354' title='bbox 668 3874 847 3929; x_wconf 88' lang='lat' dir='ltr'>dieser</span> <span class='ocrx_word' id='word_1_355' title='bbox 890 3805 1223 3942; x_wconf 74' lang='lat' dir='ltr'>Bedeutiing</span> <span class='ocrx_word' id='word_1_356' title='bbox 1266 3891 1372 3927; x_wconf 90' lang='lat' dir='ltr'>nur</span> 
     </span>
     <span class='ocr_line' id='line_1_48' title="bbox 250 3944 1371 4028; baseline -0.002 -27"><span class='ocrx_word' id='word_1_357' title='bbox 250 3948 397 4002; x_wconf 91' lang='lat' dir='ltr'>noch</span> <span class='ocrx_word' id='word_1_358' title='bbox 436 3945 530 4001; x_wconf 91' lang='lat' dir='ltr'>bei</span> <span class='ocrx_word' id='word_1_359' title='bbox 559 3946 806 4000; x_wconf 86' lang='lat' dir='ltr'>Plautus.</span> <span class='ocrx_word' id='word_1_360' title='bbox 836 3976 903 3985; x_wconf 91' lang='lat'>-—-</span> <span class='ocrx_word' id='word_1_361' title='bbox 929 3944 1171 4028; x_wconf 56' lang='lat' dir='ltr'>sperare]</span> <span class='ocrx_word' id='word_1_362' title='bbox 1207 3960 1281 3999; x_wconf 92' lang='lat' dir='ltr'>sc.</span> <span class='ocrx_word' id='word_1_363' title='bbox 1302 3961 1371 3999; x_wconf 74' lang='lat' dir='ltr'>se.</span> 
     </span>
     <span class='ocr_line' id='line_1_49' title="bbox 252 4015 1371 4144; baseline -0.005 0"><span class='ocrx_word' id='word_1_364' title='bbox 252 4017 795 4144; x_wconf 50' lang='lat'>{11302322&#39;22202333</span> <span class='ocrx_word' id='word_1_365' title='bbox 829 4015 1173 4141; x_wconf 40' lang='lat' dir='ltr'>effa&amp;</span> <span class='ocrx_word' id='word_1_366' title='bbox 1191 4016 1371 4139; x_wconf 52' lang='lat' dir='ltr'>..3³12ss</span> 
     </span>
     <span class='ocr_line' id='line_1_50' title="bbox 252 4155 1373 4229; baseline -0.004 -15"><span class='ocrx_word' id='word_1_367' title='bbox 252 4159 527 4214; x_wconf 86' lang='lat' dir='ltr'>Acidinus</span> <span class='ocrx_word' id='word_1_368' title='bbox 565 4159 824 4229; x_wconf 87' lang='lat' dir='ltr'>gedacht‚</span> <span class='ocrx_word' id='word_1_369' title='bbox 866 4158 965 4212; x_wconf 88' lang='lat' dir='ltr'>der</span> <span class='ocrx_word' id='word_1_370' title='bbox 1000 4158 1118 4212; x_wconf 85' lang='lat' dir='ltr'>sich</span> <span class='ocrx_word' id='word_1_371' title='bbox 1157 4155 1373 4211; x_wconf 81' lang='lat' dir='ltr'>damals</span> 
     </span>
     <span class='ocr_line' id='line_1_51' title="bbox 254 4227 1371 4286; baseline -0.004 0"><span class='ocrx_word' id='word_1_372' title='bbox 254 4233 313 4286; x_wconf 90' lang='lat' dir='ltr'>in</span> <span class='ocrx_word' id='word_1_373' title='bbox 349 4230 544 4285; x_wconf 90' lang='lat' dir='ltr'>Athen</span> <span class='ocrx_word' id='word_1_374' title='bbox 581 4229 688 4284; x_wconf 90' lang='lat' dir='ltr'>den</span> <span class='ocrx_word' id='word_1_375' title='bbox 726 4229 959 4283; x_wconf 86' lang='lat' dir='ltr'>Studien</span> <span class='ocrx_word' id='word_1_376' title='bbox 995 4227 1272 4282; x_wconf 84' lang='lat' dir='ltr'>widmete.</span> <span class='ocrx_word' id='word_1_377' title='bbox 1305 4258 1371 4267; x_wconf 89' lang='lat'>—</span> 
     </span>
     <span class='ocr_line' id='line_1_52' title="bbox 255 4298 1373 4372; baseline -0.005 -14"><span class='ocrx_word' id='word_1_378' title='bbox 255 4303 398 4358; x_wconf 80' lang='lat' dir='ltr'>diem</span> <span class='ocrx_word' id='word_1_379' title='bbox 443 4318 485 4356; x_wconf 82' lang='lat'>8.</span> <span class='ocrx_word' id='word_1_380' title='bbox 535 4301 727 4372; x_wconf 76' lang='lat' dir='ltr'>obisse]</span> <span class='ocrx_word' id='word_1_381' title='bbox 783 4299 881 4355; x_wconf 87' lang='lat' dir='ltr'>der</span> <span class='ocrx_word' id='word_1_382' title='bbox 934 4298 1227 4353; x_wconf 84' lang='lat' dir='ltr'>Ausdruck</span> <span class='ocrx_word' id='word_1_383' title='bbox 1279 4298 1373 4352; x_wconf 89' lang='lat' dir='ltr'>bei</span> 
     </span>
     <span class='ocr_line' id='line_1_53' title="bbox 254 4371 947 4429; baseline -0.004 -1"><span class='ocrx_word' id='word_1_384' title='bbox 254 4374 483 4429; x_wconf 85' lang='lat' dir='ltr'>Servius</span> <span class='ocrx_word' id='word_1_385' title='bbox 523 4371 668 4426; x_wconf 86' lang='lat' dir='ltr'>auch</span> <span class='ocrx_word' id='word_1_386' title='bbox 704 4373 743 4426; x_wconf 90' lang='lat' dir='ltr'>l.</span> <span class='ocrx_word' id='word_1_387' title='bbox 786 4377 868 4426; x_wconf 89' lang='grc'><strong>12.</strong></span> <span class='ocrx_word' id='word_1_388' title='bbox 896 4376 947 4425; x_wconf 88' lang='lat'>4.</span> 
     </span>
    </p>
   </div>
   <div class='ocr_carea' id='block_1_6' title="bbox 363 4469 963 4520">
    <p class='ocr_par' dir='ltr' id='par_1_8' title="bbox 363 4469 963 4520">
     <span class='ocr_line' id='line_1_54' title="bbox 363 4469 963 4520; baseline -0.005 -8"><span class='ocrx_word' id='word_1_389' title='bbox 363 4471 549 4512; x_wconf 76' lang='lat' dir='ltr'>Ciceros</span> <span class='ocrx_word' id='word_1_390' title='bbox 576 4480 773 4520; x_wconf 75' lang='lat' dir='ltr'>ausgew.</span> <span class='ocrx_word' id='word_1_391' title='bbox 799 4469 963 4510; x_wconf 76' lang='lat' dir='ltr'>Briefe.</span> 
     </span>
    </p>
   </div>
   <div class='ocr_carea' id='block_1_7' title="bbox 1475 3163 2597 4442">
    <p class='ocr_par' dir='ltr' id='par_1_9' title="bbox 1475 3163 2597 4442">
     <span class='ocr_line' id='line_1_55' title="bbox 1475 3163 2595 3235; baseline 0.004 -18"><span class='ocrx_word' id='word_1_392' title='bbox 1475 3182 1571 3217; x_wconf 84' lang='lat' dir='ltr'>zur</span> <span class='ocrx_word' id='word_1_393' title='bbox 1591 3163 1711 3219; x_wconf 89' lang='lat' dir='ltr'>Zeit</span> <span class='ocrx_word' id='word_1_394' title='bbox 1728 3165 1828 3219; x_wconf 90' lang='lat' dir='ltr'>der</span> <span class='ocrx_word' id='word_1_395' title='bbox 1847 3164 1998 3219; x_wconf 84' lang='lat' dir='ltr'>That</span> <span class='ocrx_word' id='word_1_396' title='bbox 2013 3166 2092 3219; x_wconf 88' lang='lat' dir='ltr'>im</span> <span class='ocrx_word' id='word_1_397' title='bbox 2110 3165 2299 3220; x_wconf 88' lang='lat' dir='ltr'>Hause</span> <span class='ocrx_word' id='word_1_398' title='bbox 2320 3183 2595 3235; x_wconf 83' lang='lat' dir='ltr'>gewesen‚</span> 
     </span>
     <span class='ocr_line' id='line_1_56' title="bbox 1476 3236 2593 3308; baseline 0.004 -20"><span class='ocrx_word' id='word_1_399' title='bbox 1476 3236 1709 3304; x_wconf 70' lang='lat' dir='ltr'>getotet.</span> <span class='ocrx_word' id='word_1_400' title='bbox 1770 3267 1836 3275; x_wconf 90' lang='lat'>—</span> <span class='ocrx_word' id='word_1_401' title='bbox 1892 3238 2023 3292; x_wconf 84' lang='lat' dir='ltr'>meis</span> <span class='ocrx_word' id='word_1_402' title='bbox 2086 3237 2401 3308; x_wconf 76' lang='lat' dir='ltr'>lecticariis]</span> <span class='ocrx_word' id='word_1_403' title='bbox 2465 3236 2593 3293; x_wconf 90' lang='lat' dir='ltr'>Abl.</span> 
     </span>
     <span class='ocr_line' id='line_1_57' title="bbox 1475 3306 2595 3375; baseline 0.003 -16"><span class='ocrx_word' id='word_1_404' title='bbox 1475 3306 1653 3375; x_wconf 87' lang='lat' dir='ltr'>instr.,</span> <span class='ocrx_word' id='word_1_405' title='bbox 1690 3306 1881 3362; x_wconf 87' lang='lat' dir='ltr'>indem</span> <span class='ocrx_word' id='word_1_406' title='bbox 1920 3307 2012 3361; x_wconf 93' lang='lat' dir='ltr'>die</span> <span class='ocrx_word' id='word_1_407' title='bbox 2040 3308 2316 3362; x_wconf 88' lang='lat' dir='ltr'>Personen</span> <span class='ocrx_word' id='word_1_408' title='bbox 2352 3308 2474 3362; x_wconf 86' lang='lat' dir='ltr'>hier</span> <span class='ocrx_word' id='word_1_409' title='bbox 2511 3308 2595 3362; x_wconf 88' lang='lat' dir='ltr'>als</span> 
     </span>
     <span class='ocr_line' id='line_1_58' title="bbox 1476 3377 2595 3447; baseline 0.001 -17"><span class='ocrx_word' id='word_1_410' title='bbox 1476 3377 1787 3433; x_wconf 78' lang='lat' dir='ltr'>willenlose</span> <span class='ocrx_word' id='word_1_411' title='bbox 1851 3378 2201 3447; x_wconf 81' lang='lat' dir='ltr'>Werkzeuge</span> <span class='ocrx_word' id='word_1_412' title='bbox 2275 3377 2595 3433; x_wconf 83' lang='lat' dir='ltr'>betrachtet</span> 
     </span>
     <span class='ocr_line' id='line_1_59' title="bbox 1477 3447 2595 3520; baseline 0.001 -19"><span class='ocrx_word' id='word_1_413' title='bbox 1477 3449 1717 3505; x_wconf 85' lang='lat' dir='ltr'>werden.</span> <span class='ocrx_word' id='word_1_414' title='bbox 1757 3480 1825 3490; x_wconf 95' lang='lat'>—</span> <span class='ocrx_word' id='word_1_415' title='bbox 1863 3449 2046 3520; x_wconf 77' lang='lat' dir='ltr'>copia]</span> <span class='ocrx_word' id='word_1_416' title='bbox 2083 3447 2287 3503; x_wconf 86' lang='lat' dir='ltr'>Mittel.</span> <span class='ocrx_word' id='word_1_417' title='bbox 2361 3447 2455 3517; x_wconf 89' lang='lat' dir='ltr'>(So</span> <span class='ocrx_word' id='word_1_418' title='bbox 2493 3450 2595 3518; x_wconf 84' lang='lat' dir='ltr'>gut</span> 
     </span>
     <span class='ocr_line' id='line_1_60' title="bbox 1478 3521 2595 3590; baseline 0.003 -18"><span class='ocrx_word' id='word_1_419' title='bbox 1478 3536 1537 3573; x_wconf 91' lang='lat' dir='ltr'>es</span> <span class='ocrx_word' id='word_1_420' title='bbox 1574 3521 1634 3573; x_wconf 92' lang='lat' dir='ltr'>in</span> <span class='ocrx_word' id='word_1_421' title='bbox 1663 3522 1849 3576; x_wconf 87' lang='lat' dir='ltr'>Athen</span> <span class='ocrx_word' id='word_1_422' title='bbox 1884 3521 2134 3585; x_wconf 67' lang='lat' dir='ltr'>moglich</span> <span class='ocrx_word' id='word_1_423' title='bbox 2171 3522 2324 3588; x_wconf 77' lang='lat' dir='ltr'>war.)</span> <span class='ocrx_word' id='word_1_424' title='bbox 2354 3550 2421 3560; x_wconf 87' lang='lat'>—-</span> <span class='ocrx_word' id='word_1_425' title='bbox 2450 3521 2595 3590; x_wconf 75' lang='lat' dir='ltr'>quod</span> 
     </span>
     <span class='ocr_line' id='line_1_61' title="bbox 1478 3591 2593 3662; baseline 0.002 -18"><span class='ocrx_word' id='word_1_426' title='bbox 1478 3591 1744 3662; x_wconf 73' lang='lat' dir='ltr'>dicerent]</span> <span class='ocrx_word' id='word_1_427' title='bbox 1795 3608 1837 3646; x_wconf 89' lang='lat' dir='ltr'>s.</span> <span class='ocrx_word' id='word_1_428' title='bbox 1885 3611 1928 3647; x_wconf 88' lang='lat' dir='ltr'>z.</span> <span class='ocrx_word' id='word_1_429' title='bbox 1971 3591 2038 3645; x_wconf 91' lang='grc' dir='ltr'><strong>ΙΙ.</strong></span> <span class='ocrx_word' id='word_1_430' title='bbox 2081 3596 2163 3645; x_wconf 88' lang='grc'><strong>11.</strong></span> <span class='ocrx_word' id='word_1_431' title='bbox 2204 3597 2262 3645; x_wconf 75' lang='grc' dir='ltr'>6ε</span> <span class='ocrx_word' id='word_1_432' title='bbox 2317 3597 2593 3660; x_wconf 76' lang='lat' dir='ltr'>neyarent.</span> 
     </span>
     <span class='ocr_line' id='line_1_62' title="bbox 1479 3662 2595 3733; baseline 0.002 -17"><span class='ocrx_word' id='word_1_433' title='bbox 1479 3691 1548 3701; x_wconf 96' lang='lat'><strong>—</strong></span> <span class='ocrx_word' id='word_1_434' title='bbox 1602 3663 1862 3732; x_wconf 76' lang='lat' dir='ltr'>reliyione</span> <span class='ocrx_word' id='word_1_435' title='bbox 1914 3663 2071 3733; x_wconf 72' lang='lat' dir='ltr'>imp]</span> <span class='ocrx_word' id='word_1_436' title='bbox 2136 3662 2266 3716; x_wconf 85' lang='lat' dir='ltr'>weil</span> <span class='ocrx_word' id='word_1_437' title='bbox 2321 3662 2411 3716; x_wconf 89' lang='lat' dir='ltr'>die</span> <span class='ocrx_word' id='word_1_438' title='bbox 2470 3662 2595 3718; x_wconf 91' lang='lat' dir='ltr'>Bei-</span> 
     </span>
     <span class='ocr_line' id='line_1_63' title="bbox 1477 3732 2597 3802; baseline 0.002 -16"><span class='ocrx_word' id='word_1_439' title='bbox 1477 3733 1710 3802; x_wconf 83' lang='lat' dir='ltr'>setzung</span> <span class='ocrx_word' id='word_1_440' title='bbox 1766 3734 1864 3788; x_wconf 88' lang='lat' dir='ltr'>der</span> <span class='ocrx_word' id='word_1_441' title='bbox 1909 3735 2096 3788; x_wconf 88' lang='lat' dir='ltr'>Urnen</span> <span class='ocrx_word' id='word_1_442' title='bbox 2149 3732 2442 3787; x_wconf 87' lang='lat' dir='ltr'>innerhalb</span> <span class='ocrx_word' id='word_1_443' title='bbox 2499 3734 2597 3788; x_wconf 86' lang='lat' dir='ltr'>der</span> 
     </span>
     <span class='ocr_line' id='line_1_64' title="bbox 1480 3802 2595 3859; baseline 0 -1"><span class='ocrx_word' id='word_1_444' title='bbox 1480 3804 1645 3858; x_wconf 75' lang='lat' dir='ltr'>stadt</span> <span class='ocrx_word' id='word_1_445' title='bbox 1689 3803 1784 3858; x_wconf 90' lang='lat' dir='ltr'>bei</span> <span class='ocrx_word' id='word_1_446' title='bbox 1829 3804 1935 3858; x_wconf 90' lang='lat' dir='ltr'>den</span> <span class='ocrx_word' id='word_1_447' title='bbox 1975 3802 2266 3859; x_wconf 87' lang='lat' dir='ltr'>Athenern</span> <span class='ocrx_word' id='word_1_448' title='bbox 2309 3804 2469 3858; x_wconf 86' lang='lat' dir='ltr'>nicht</span> <span class='ocrx_word' id='word_1_449' title='bbox 2513 3819 2595 3858; x_wconf 86' lang='lat' dir='ltr'>er-</span> 
     </span>
     <span class='ocr_line' id='line_1_65' title="bbox 1478 3874 2594 3945; baseline 0.004 -18"><span class='ocrx_word' id='word_1_450' title='bbox 1478 3875 1641 3928; x_wconf 85' lang='lat' dir='ltr'>lauht</span> <span class='ocrx_word' id='word_1_451' title='bbox 1684 3892 1815 3931; x_wconf 85' lang='lat' dir='ltr'>war.</span> <span class='ocrx_word' id='word_1_452' title='bbox 1857 3907 1924 3916; x_wconf 88' lang='lat'>—</span> <span class='ocrx_word' id='word_1_453' title='bbox 1959 3891 2130 3944; x_wconf 78' lang='lat' dir='ltr'>neque</span> <span class='ocrx_word' id='word_1_454' title='bbox 2182 3875 2387 3945; x_wconf 77' lang='lat' dir='ltr'>tamen]</span> <span class='ocrx_word' id='word_1_455' title='bbox 2437 3874 2594 3931; x_wconf 90' lang='lat' dir='ltr'>Ohne</span> 
     </span>
     <span class='ocr_line' id='line_1_66' title="bbox 1478 3943 2593 4015; baseline 0.004 -19"><span class='ocrx_word' id='word_1_456' title='bbox 1478 3943 1847 4001; x_wconf 85' lang='lat' dir='ltr'>konzessiven</span> <span class='ocrx_word' id='word_1_457' title='bbox 1876 3946 2210 4001; x_wconf 83' lang='lat' dir='ltr'>Vordersatz</span> <span class='ocrx_word' id='word_1_458' title='bbox 2249 3962 2422 4015; x_wconf 80' lang='lat' dir='ltr'>sagen</span> <span class='ocrx_word' id='word_1_459' title='bbox 2449 3946 2593 4000; x_wconf 83' lang='lat' dir='ltr'>auch</span> 
     </span>
     <span class='ocr_line' id='line_1_67' title="bbox 1478 4015 2594 4088; baseline 0.004 -21"><span class='ocrx_word' id='word_1_460' title='bbox 1478 4016 1605 4068; x_wconf 84' lang='lat' dir='ltr'>wir:</span> <span class='ocrx_word' id='word_1_461' title='bbox 1646 4016 1724 4070; x_wconf 87' lang='lat' dir='ltr'>sie</span> <span class='ocrx_word' id='word_1_462' title='bbox 1752 4017 1948 4072; x_wconf 85' lang='lat' dir='ltr'>hatten</span> <span class='ocrx_word' id='word_1_463' title='bbox 1977 4035 2034 4072; x_wconf 88' lang='lat' dir='ltr'>es</span> <span class='ocrx_word' id='word_1_464' title='bbox 2061 4018 2320 4072; x_wconf 87' lang='lat' dir='ltr'>indessen</span> <span class='ocrx_word' id='word_1_465' title='bbox 2348 4015 2594 4088; x_wconf 67' lang='lat' dir='ltr'>Gedoch)</span> 
     </span>
     <span class='ocr_line' id='line_1_68' title="bbox 1480 4087 2591 4158; baseline 0.005 -20"><span class='ocrx_word' id='word_1_466' title='bbox 1480 4087 1623 4139; x_wconf 87' lang='lat' dir='ltr'>auch</span> <span class='ocrx_word' id='word_1_467' title='bbox 1660 4087 1851 4143; x_wconf 78' lang='lat' dir='ltr'>frfiher</span> <span class='ocrx_word' id='word_1_468' title='bbox 1882 4089 2028 4143; x_wconf 90' lang='lat' dir='ltr'>noch</span> <span class='ocrx_word' id='word_1_469' title='bbox 2052 4089 2274 4143; x_wconf 88' lang='lat' dir='ltr'>keinem</span> <span class='ocrx_word' id='word_1_470' title='bbox 2302 4088 2591 4158; x_wconf 83' lang='lat' dir='ltr'>gestattet.</span> 
     </span>
     <span class='ocr_line' id='line_1_69' title="bbox 1481 4158 2596 4231; baseline 0.004 -20"><span class='ocrx_word' id='word_1_471' title='bbox 1481 4187 1550 4196; x_wconf 90' lang='lat'>—</span> <span class='ocrx_word' id='word_1_472' title='bbox 1599 4158 1937 4214; x_wconf 76' lang='lat' dir='ltr'>nobilissimo</span> <span class='ocrx_word' id='word_1_473' title='bbox 1999 4160 2120 4215; x_wconf 79' lang='lat' dir='ltr'>orbi</span> <span class='ocrx_word' id='word_1_474' title='bbox 2168 4160 2290 4231; x_wconf 79' lang='lat' dir='ltr'>ter]</span> <span class='ocrx_word' id='word_1_475' title='bbox 2346 4160 2467 4215; x_wconf 82' lang='lat' dir='ltr'>orbi</span> <span class='ocrx_word' id='word_1_476' title='bbox 2518 4159 2596 4216; x_wconf 85' lang='lat' dir='ltr'>ist</span> 
     </span>
     <span class='ocr_line' id='line_1_70' title="bbox 1480 4226 2593 4297; baseline 0.004 -16"><span class='ocrx_word' id='word_1_477' title='bbox 1480 4226 1781 4283; x_wconf 83' lang='lat' dir='ltr'>Locativus</span> <span class='ocrx_word' id='word_1_478' title='bbox 1819 4230 1924 4284; x_wconf 86' lang='lat' dir='ltr'>wie</span> <span class='ocrx_word' id='word_1_479' title='bbox 1961 4232 2110 4297; x_wconf 79' lang='lat' dir='ltr'>ruri,</span> <span class='ocrx_word' id='word_1_480' title='bbox 2140 4233 2299 4286; x_wconf 82' lang='lat' dir='ltr'>domi.</span> <span class='ocrx_word' id='word_1_481' title='bbox 2375 4232 2593 4286; x_wconf 86' lang='lat' dir='ltr'>Ebenso</span> 
     </span>
     <span class='ocr_line' id='line_1_71' title="bbox 1482 4296 2594 4371; baseline 0.006 -22"><span class='ocrx_word' id='word_1_482' title='bbox 1482 4296 1676 4354; x_wconf 86' lang='lat' dir='ltr'>Cicero</span> <span class='ocrx_word' id='word_1_483' title='bbox 1724 4301 1880 4354; x_wconf 88' lang='lat' dir='ltr'>Verr.</span> <span class='ocrx_word' id='word_1_484' title='bbox 1918 4300 2010 4356; x_wconf 88' lang='lat' dir='ltr'>IV.</span> <span class='ocrx_word' id='word_1_485' title='bbox 2052 4307 2144 4355; x_wconf 78' lang='lat'>82:</span> <span class='ocrx_word' id='word_1_486' title='bbox 2201 4303 2594 4371; x_wconf 76' lang='lat' dir='ltr'>amplissimum</span> 
     </span>
     <span class='ocr_line' id='line_1_72' title="bbox 1479 4372 2593 4442; baseline 0.003 -18"><span class='ocrx_word' id='word_1_487' title='bbox 1479 4372 1601 4425; x_wconf 86' lang='lat' dir='ltr'>orbi</span> <span class='ocrx_word' id='word_1_488' title='bbox 1628 4377 1898 4426; x_wconf 76' lang='lat' dir='ltr'>terrarum</span> <span class='ocrx_word' id='word_1_489' title='bbox 1918 4373 2379 4442; x_wconf 78' lang='lat' dir='ltr'>clarissimumque</span> <span class='ocrx_word' id='word_1_490' title='bbox 2403 4389 2593 4427; x_wconf 77' lang='lat' dir='ltr'>monu-</span> 
     </span>
    </p>
   </div>
   <div class='ocr_carea' id='block_1_8' title="bbox 2107 4466 2173 4515">
    <p class='ocr_par' dir='ltr' id='par_1_10' title="bbox 2107 4466 2173 4515">
     <span class='ocr_line' id='line_1_73' title="bbox 2107 4466 2173 4515; baseline 0.03 -2"><span class='ocrx_word' id='word_1_491' title='bbox 2107 4466 2173 4515; x_wconf 82' lang='lat'>12</span> 
     </span>
    </p>
   </div>
  </div>
 </body>
</html>
