3000 4917
1133 220 1209 276 M.
1247 218 1552 275 TULLIUS
1589 219 1781 278 TIRO.
2543 222 2627 286 75

1135 417 1492 483 Ems'rULA
1542 417 1775 483 XXIV.

1184 540 1296 609 (Aa
1320 538 1453 596 fam.
1482 539 1630 593 xvi.
1662 542 1733 610 1.)

423 661 732 716 TULLIUS
772 661 1026 717 TIRONI
1063 661 1202 717 SUO
1242 662 1391 719 SAL.
1429 662 1639 718 PLUR.
1678 663 1820 719 DIC.
1854 663 1947 717 ΕΤ
1984 663 2245 719 CICERO
2285 665 2480 721 MEUS

947 734 1042 787 ET
1079 734 1375 788 FRATER
1411 734 1506 788 ΕΤ
1544 733 1849 789 FRATRIS
1888 736 1949 790 F.

462 842 666 907 Paulo
712 842 966 908 facilius
1011 843 1236 929 putavi
1280 865 1474 928 posse
1519 865 1620 907 me
1666 843 1833 909 ferre
1890 844 2276 910 desiderium
2319 843 2445 927 tui,
2510 844 2621 908 sed
2648 849 2683 912 1

278 931 476 1015 plane
532 953 665 996 non
724 931 864 997 fero
920 936 1013 1015 et,
1078 954 1469 1017 quamquam
1524 934 1748 1018 magni
1805 934 1885 998 ad
1949 934 2264 999 honorem
2327 936 2622 997 nostrum

280 1020 583 1103 interest,
639 1042 834 1105 quam
881 1021 1163 1105 primum
1210 1021 1291 1086 ad
1337 1022 1565 1085 urbem
1610 1043 1711 1086 me
1757 1022 2000 1105 venire,
2055 1027 2274 1087 tamen
2327 1043 2624 1106 peccasse

276 1109 445 1172 :mihi
498 1109 746 1194 videor,
800 1111 911 1193 qui
966 1133 1005 1174 a
1058 1113 1124 1174 te
1181 1110 1609 1195 discesserim3
1665 1111 1777 1175 sed
1834 1112 1986 1195 quia
2039 1116 2155 1176 tua
2198 1110 2498 1176 voluntas
2548 1132 2623 1174 ea

278 1197 624 1263 videbatur
660 1219 819 1281 esse,
866 1202 938 1263 ut
973 1220 1239 1281 prorsus
1275 1199 1406 1263 nisi
1447 1200 1830 1264 confirmato
1877 1222 2145 1285 corpore
2189 1199 2396 1264 nolles
2441 1200 2623 1263 navi-

282 1308 467 1371 gare,
522 1287 882 1373 approbavi
934 1290 1118 1351 tuum
1173 1288 1543 1372 consilium,
1596 1309 1803 1373 neque
1849 1310 2018 1354 nunc
2064 1293 2271 1371 muto,
2329 1288 2387 1352 si
2431 1291 2505 1351 tu
2550 1288 2621 1351 in

282 1376 509 1440 eadem
573 1397 641 1440 es
709 1376 1058 1462 sententia3
1125 1377 1228 1440 sin
1293 1381 1537 1461 autem,
1605 1381 2027 1461 posteaquam
2092 1379 2308 1442 cibum
2371 1376 2621 1460 cepisti,

281 1464 517 1529 videris
555 1465 680 1530 tibi
716 1487 909 1548 posse
954 1487 1056 1529 me
1104 1466 1426 1550 consequi,
1471 1471 1654 1530 tuum
1693 1467 2032 1531 consilium
2070 1471 2187 1532 est.
2259 1465 2620 1530 Marionem

278 1553 364 1617 ad
400 1556 465 1618 te
504 1575 578 1619 eo
617 1554 787 1631 misi,
824 1557 898 1617 ut
935 1559 1050 1619 aut
1085 1558 1296 1619 tecum
1339 1555 1420 1618 ad
1458 1576 1560 1617 me
1607 1577 1798 1639 quam
1843 1556 2128 1639 primum
2172 1556 2438 1636 veniret,
2486 1557 2615 1636 aut,

276 1642 339 1706 si
385 1646 456 1706 tu
503 1664 844 1725 morarere,
892 1643 1117 1707 statim
1163 1643 1244 1707 ad
1288 1665 1391 1707 me
1436 1643 1690 1708 rediret.
1764 1642 1862 1708 Tu
1909 1648 2125 1708 autem
2161 1644 2285 1708 hoc
2321 1644 2443 1708 tibi
2478 1665 2620 1727 per·
2641 1649 2681 1711 2

278 1731 505 1795 suade:
544 1732 603 1796 si
640 1731 981 1796 commodo
1018 1731 1415 1796 valetudinis
1452 1737 1605 1796 tuae
1641 1732 1781 1796 fieri
1817 1734 2045 1816 possit,
2081 1732 2248 1797 nihil
2286 1754 2387 1796 me
2427 1731 2620 1795 malle

275 1840 474 1902 quam
518 1823 584 1885 te
632 1842 772 1885 esse
819 1842 1098 1906 mecum3
1146 1821 1203 1885 si
1251 1824 1464 1885 autem
1512 1821 1853 1905 intelleges
1900 1843 2061 1905 opus
2110 1843 2248 1886 esse
2294 1826 2359 1885 te
2405 1819 2619 1884 Patris

276 1909 765 1975 convalescendi
810 1931 1005 1974 causa
1050 1909 1315 1992 paulum
1365 1911 1767 1993 commorari,
1810 1910 1978 1974 nihil
2022 1932 2125 1974 me
2163 1910 2379 1993 malle,
2427 1930 2621 1993 quam

277 2000 344 2061 te
389 1998 622 2063 valere.
714 1996 782 2063 Si
829 1998 1054 2062 statim
1100 1999 1389 2083 naviga8‚
1433 2020 1555 2064 nos
1602 1998 1891 2064 Leucade
1938 2021 2356 2083 consequere3
2405 2000 2506 2062 sin
2552 2000 2618 2061 te

275 2087 661 2151 confirmare
716 2087 840 2170 viS,
897 2090 961 2151 et
1019 2088 1288 2152 comites
1346 2091 1412 2152 et
1454 2091 1877 2171 tempestates
1924 2092 1990 2152 et
2035 2110 2269 2153 navem
2313 2088 2618 2153 idoneam

274 2178 353 2239 ut
396 2175 657 2260 habeaS,
703 2176 1051 2260 diligenter
1095 2176 1367 2243 videbis.
1440 2176 1659 2241 Unum
1704 2177 1885 2262 illud,
1931 2177 2022 2241 mi
2060 2177 2233 2260 Tiro,
2277 2176 2513 2260 videto,
2561 2174 2618 2239 si

273 2285 380 2327 me
437 2286 645 2347 amas,
698 2286 779 2329 ne
834 2269 900 2329 te
945 2264 1257 2330 Marionis
1316 2265 1630 2331 adventus
1687 2269 1754 2329 et
1807 2266 1931 2330 hae
1984 2266 2241 2330 litterae
2288 2267 2617 2331 moveant:

278 2353 449 2436 quod
495 2353 857 2418 valetudini
903 2357 1052 2418 tuae
1099 2354 1378 2418 maxime
1426 2354 1755 2437 conducet,
1802 2355 1859 2419 si
1897 2354 2145 2438 feceris,
2190 2354 2467 2418 maxime
2507 2352 2617 2417 ob-

274 2442 660 2526 temperaris
716 2442 1038 2507 voluntati
1094 2464 1293 2508 meae.
1383 2441 1561 2507 Haec
1615 2464 1733 2526 pro
1788 2446 1902 2508 tuo
1957 2442 2216 2527 ingenio
2265 2439 2615 2506 considera.
2638 2443 2679 2507 3

275 2527 416 2594 Nos
462 2531 557 2595 ita
601 2535 668 2596 te
716 2530 1178 2613 desideramus,
1224 2534 1297 2595 ut
1343 2553 1659 2613 amemus3
1707 2552 1915 2612 amor,
1960 2533 2035 2594 ut
2081 2531 2403 2594 valentem
2450 2528 2619 2594 vide-

279 2640 492 2701 amus,
555 2619 880 2698 hortatur,
946 2619 1359 2703 desiderium,
1422 2624 1496 2682 ut
1560 2641 1753 2703 quam
1819 2619 2127 2702 primum:
2191 2618 2352 2682 illud
2417 2619 2619 2704 igitur

270 2708 511 2791 potius.
551 2705 722 2773 Oura
742 2730 897 2794 ergo
925 2708 1359 2793 potissimum,
1387 2712 1462 2772 ut
1487 2709 1736 2772 valeas:
1768 2707 1844 2771 de
1876 2709 2007 2771 tuis
2036 2708 2617 2772 innumerabilibus

275 2797 348 2860 in
395 2819 496 2862 me
544 2798 773 2861 officiis
823 2798 946 2861 erit
990 2796 1115 2861 hoc
1162 2797 1624 2881 gratissimum.
1714 2815 1810 2861 ΙΙΙ.
1866 2795 2035 2862 Non.
2082 2794 2248 2861 Nov.

344 2971 520 3027 Eme-r.
559 2970 754 3028 XXIV.
794 2975 936 3041 (704.
976 2972 1084 3038 50.)
1144 2970 1259 3024 Auf
1293 2971 1390 3025 der
1497 2988 1557 3026 66
1594 2971 1747 3025 Fam.
1786 2970 1931 3025 XVI.
1969 2976 2020 3026 2.
2058 2988 2131 3025 an
2168 2971 2326 3025 Tiro:
2377 2972 2618 3027 Tantum

270 3042 580 3097 Rfickreise
618 3059 718 3097 aus
757 3043 989 3097 Cilicien
1025 3043 1160 3095 kam
1196 3042 1388 3097 Cicero
1495 3043 1673 3097 scribo
1718 3048 1768 3098 et
1815 3043 1919 3099 tibi
1963 3048 2013 3097 et
2047 3044 2183 3097 mihi
2218 3044 2490 3098 maximae
2525 3059 2615 3098 vo-

268 3130 383 3168 von
428 3115 613 3169 Athen
658 3113 802 3168 nach
848 3113 1019 3168 Patra
1060 3113 1122 3167 in
1156 3113 1390 3183 Achaja,
1497 3114 1702 3183 luptabi
1735 3116 1871 3183 fore,
1906 3115 1957 3168 si
1982 3119 2031 3168 te
2066 3114 2285 3181 firmum
2310 3131 2475 3183 quam
2493 3116 2616 3184 pri-

268 3200 360 3237 wo
410 3183 538 3240 Tiro
594 3183 776 3240 krank
829 3183 1208 3239 zurfickblieb.
1283 3187 1412 3237 Am'
1495 3201 1645 3240 mum
1687 3186 1931 3241 videm.
2014 3185 2102 3239 Da
2156 3185 2255 3240 der
2303 3185 2614 3255 Hauptsatz

270 3261 324 3310 2.
345 3255 662 3311 November
686 3257 856 3310 reiste
876 3254 1069 3310 Cicero
1088 3271 1198 3309 von
1218 3255 1392 3308 Patra
1495 3256 1573 3309 im
1623 3272 1738 3311 acc.
1788 3274 1913 3311 cum
1967 3256 2067 3310 inf.
2115 3256 2291 3321 steht,
2354 3260 2618 3311 erwartet

269 3327 467 3381 weiter
500 3327 615 3381 und
644 3325 864 3382 schrieb
894 3327 1088 3381 diesen
1114 3326 1274 3380 Brief
1296 3342 1389 3380 am
1496 3344 1630 3381 man
1679 3328 1789 3381 den
1834 3327 2209 3396 Konjunktiv,
2257 3327 2361 3381 wie
2412 3328 2617 3381 vorher

273 3403 325 3452 3.
363 3398 683 3453 November
719 3397 822 3453 auf
852 3399 979 3452 dem
1015 3398 1211 3467 Wege.
1497 3399 1621 3465 fieri
1673 3399 1867 3468 possit.
1942 3397 2068 3467 Vgl.
2106 3397 2175 3451 Π.
2215 3401 2278 3452 1.-
2303 3401 2352 3450 5.
2409 3426 2478 3437 -
2532 3397 2612 3451 vi-

346 3474 393 3526 1.
459 3470 535 3523 ad
582 3470 861 3540 honorem]
928 3469 982 3523 d.
1038 3469 1074 3523 i.
1136 3469 1226 3522 ffir
1283 3467 1390 3522 den
1498 3468 1671 3540 debis]
1720 3469 1819 3524 das
1856 3468 2046 3523 Futur.
2096 3469 2236 3522 statt
2278 3468 2375 3521 des
2412 3467 2611 3535 Imper.

270 3540 560 3609 Triumph‚
589 3540 697 3594 den
726 3556 787 3593 er
814 3558 882 3593 zu
911 3539 1175 3609 erlangen
1198 3536 1387 3594 hoffte.
1495 3539 1651 3594 Fam.
1680 3541 1826 3596 XIV.
1857 3546 1917 3595 8:
1956 3542 2100 3595 Item
2118 3539 2368 3608 posthac,
2402 3539 2453 3592 si
2479 3538 2614 3606 quid

268 3613 365 3665 Ad
409 3611 517 3665 wie
562 3611 605 3665 1.
644 3616 729 3665 20.
771 3616 818 3665 1.
875 3641 943 3651 -
1002 3628 1173 3680 neque
1215 3612 1387 3679 muto]
1497 3613 1760 3666 acciderit
1812 3612 1968 3680 novi,
2017 3612 2189 3677 facies
2224 3617 2287 3664 ut
2322 3610 2507 3663 sciam.
2548 3636 2615 3648 --

265 3681 325 3734 d.
374 3682 409 3734 1.
468 3682 562 3736 ich
616 3684 818 3736 nehme
867 3681 1051 3736 meine
1096 3680 1387 3750 Billigung
1493 3682 1547 3735 si
1571 3682 1779 3750 feceriS,
1810 3700 1957 3738 max.
1986 3679 2392 3751 obtemperaris]
2422 3680 2617 3733 Dieser

268 3752 428 3806 nicht
464 3753 688 3820 zuru'ick,
722 3754 812 3808 ich
847 3753 1014 3808 bleibe
1046 3753 1222 3807 dabei.
1286 3750 1388 3806 Bei
1497 3750 1791 3807 Gebrauch
1865 3754 1964 3807 des
2035 3751 2226 3805 Futur.
2294 3752 2471 3805 exact.
2535 3749 2615 3803 im

271 3823 381 3876 den
436 3823 742 3880 Komikern
794 3823 970 3878 findet
1024 3822 1143 3877 sich
1197 3823 1390 3890 h'aufig
1495 3823 1716 3891 Haupt·
1755 3822 1869 3877 und
1896 3822 2249 3877 Nebensatze
2284 3821 2460 3875 findet
2496 3818 2617 3873 sich

266 3911 385 3949 non
420 3896 706 3951 demutabo
740 3897 801 3948 in
847 3894 1055 3949 diesem
1094 3893 1279 3947 Sinne.
1319 3923 1387 3932 --
1495 3894 1690 3962 haufig
1724 3895 1816 3949 bei
1855 3895 1965 3948 den
1992 3893 2314 3948 Komikern.
2371 3891 2445 3945 Es
2477 3890 2617 3945 wird

263 3967 451 4020 cibum
477 3968 669 4037 cepistz
723 3966 850 4019 Wie
879 3965 979 4020 das
1006 3982 1074 4019 zu
1091 3963 1389 4020 versteben
1497 3964 1749 4019 dadurch
1831 3964 1930 4019 das
2010 3963 2432 4034 gleichzeitige‚
2524 3980 2615 4016 zu-

264 4036 357 4102 ist,
379 4034 530 4106 zeigt
550 4038 603 4093 d.
621 4036 680 4092 fo
705 4054 758 4106 g.
779 4037 871 4090 Br.
892 4041 922 4102 ἓ
940 4042 987 4104 1,
1005 4036 1241 4091 wonach
1260 4032 1391 4089 Tiro
1499 4034 2001 4090 sammenfallende
2034 4034 2327 4089 Eintreten
2364 4035 2463 4089 der
2498 4032 2614 4087 bei-

268 4106 698 4177 κακοστόμαχος
723 4125 855 4176 war,
896 4107 994 4161 der
1031 4108 1234 4176 Magon
1271 4105 1390 4160 also
1500 4105 1608 4159 den
1645 4105 2022 4175 Handlungen
2051 4105 2267 4174 betont,
2308 4105 2478 4160 somit
2512 4105 2613 4158 das

269 4179 364 4234 die
393 4178 628 4247 Speisen
653 4177 813 4234 nicht
847 4177 1107 4233 annahm.
1136 4208 1206 4217 —
1234 4183 1391 4231 tuum
1498 4176 1793 4231 Eintreten
1821 4177 1919 4230 der
1945 4177 2251 4245 Handlung
2278 4177 2376 4230 des
2404 4177 2618 4245 Haupt-

268 4252 560 4306 consilium
578 4250 679 4321 est]
701 4250 872 4319 vgl.I.
894 4253 1021 4304 6.1:
1050 4265 1226 4303 meum
1245 4263 1387 4305 cons.
1499 4249 1680 4301 satzes
1718 4249 1801 4302 als
1841 4249 2023 4302 sicher
2068 4245 2410 4302 bezeichnet.
2484 4246 2614 4318 Vgl.

340 4326 388 4375 2.
440 4323 492 4376 si
527 4338 657 4377 com.
696 4320 1028 4374 valetudinis
1062 4319 1181 4387 eta]
1232 4345 1300 4363 =
1347 4319 1387 4371 Ι.
1496 4315 1566 4370 11.
1607 4321 1690 4371 11.
1730 4323 1781 4371 2.
1853 4318 2067 4372 Anders
2103 4318 2170 4371 II.
2211 4322 2259 4372 8.
2303 4327 2348 4374 1.

271 4394 321 4449 ὅ.
357 4397 404 4446 1.
436 4423 500 4432 -
530 4393 581 4446 si
615 4389 910 4461 intelleqes]
951 4388 1181 4443 'ahnlich
1218 4386 1391 4439 heifst
1571 4390 1621 4438 3.
1684 4387 1768 4441 ita
1813 4387 2209 4453 desideramuS,
2253 4394 2317 4444 ut
2353 4389 2616 4458 amemus]
