3000 4917
1018 241 1083 295 A.
1123 239 1440 296 LICINIUS
1480 239 1811 297 CAECINA.
2463 240 2585 304 179

241 406 541 467 mentum
597 402 911 486 epistulae
971 401 1222 489 differ03
1287 402 1391 467 his
1448 407 1668 468 autem
1730 404 1968 469 litteris
2035 405 2321 470 animum
2384 408 2585 489 tuum,
2606 405 2647 468 2

248 515 441 576 quem
508 492 772 556 minime
837 492 1229 555 imbecillum
1296 513 1433 557 esse
1497 496 1563 556 et
1627 493 1818 558 audio
1880 497 1946 557 et
2002 515 2211 577 spero,
2279 494 2402 560 etsi
2454 517 2587 560 non

240 580 739 665 sapientissimi,
786 583 855 644 at
899 580 1273 646 amicissimi
1319 581 1602 645 hominis
1651 583 2036 647 auctoritate
2083 583 2585 648 confirmandum

239 672 442 735 etiam
492 672 687 754 atque
735 668 932 733 etiam
978 673 1156 753 put0,
1200 691 1319 734 nec
1365 670 1447 734 iis
1485 669 1744 755 quidem
1781 670 2013 755 verbis„
2062 672 2294 755 quibus
2331 677 2396 736 te
2434 694 2586 737 con-

242 760 419 824 soler
463 763 540 823 ut
588 758 916 822 adflictum
972 762 1036 821 et
1089 758 1220 823 iam
1280 759 1457 823 omni
1513 780 1625 842 spe
1683 760 1910 825 salutis
1969 760 2294 845 orbatum,
2351 761 2463 825 sed
2512 766 2588 825 ut

243 871 414 929 eum,
462 848 539 912 de
586 848 764 912 cuius
801 847 1244 912 incolumitate
1280 868 1413 912 non
1450 848 1595 931 plus
1635 848 1941 932 dubitem,
1986 870 2179 933 quam
2217 852 2282 913 te
2320 850 2586 914 memini

241 937 542 1001 dubitare
591 936 668 999 de
713 957 876 999 mea.

373 1049 380 1058 ·
419 1023 589 1089 Nam
620 1046 763 1089 cum
791 1045 893 1088 me
932 1045 1011 1087 ex
1045 1046 1115 1089 re
1152 1024 1412 1109 publica
1449 1025 1850 1109 expulissent
1888 1020 1952 1108 ii,
1992 1027 2100 1110 qui
2139 1026 2322 1091 illam
2361 1026 2586 1090 cadere

239 1136 435 1198 posse
492 1116 706 1178 stante
760 1135 863 1177 me
916 1134 1052 1177 non
1105 1116 1438 1196 putarant,
1493 1115 1758 1178 memini
1814 1136 1916 1178 me
1973 1137 2050 1179 ex
2101 1115 2322 1180 multis
2368 1114 2585 1199 hospi-

237 1204 446 1286 tibus,
503 1205 613 1288 qui
669 1201 751 1266 ad
806 1222 908 1266 me
965 1222 1044 1265 ex
1090 1201 1275 1285 Asia,
1329 1203 1398 1266 in
1453 1224 1582 1287 qua
1626 1206 1700 1267 tu
1748 1225 1918 1287 eraS,
1971 1209 2310 1287 venerant,
2366 1204 2585 1268 audire

240 1297 309 1356 te
370 1293 446 1356 de
502 1292 784 1376 glorioso
842 1294 907 1354 et
962 1290 1155 1354 celeri
1211 1290 1421 1355 reditu
1481 1314 1626 1356 meo
1682 1293 2082 1359 confirmare.
2175 1291 2244 1358 Si
2298 1298 2363 1356 te
2417 1293 2584 1357 ratio
2606 1291 2649 1355 3

241 1381 562 1465 quaedam
582 1380 746 1443 mira
766 1379 1013 1445 Tuscae
1034 1379 1432 1464 disciplinae,
1460 1402 1657 1465 quam
1678 1404 1717 1445 a
1735 1384 1937 1465 patre,
1961 1382 2371 1447 nobilissimo
2392 1385 2585 1466 atque

243 1470 493 1553 optimo
549 1469 716 1551 viro,
783 1489 1123 1552 acceperas
1133 1519 1151 1552 ,
1214 1490 1348 1533 non
1401 1469 1663 1552 fefellit,
1724 1491 1806 1534 ne
1867 1492 1988 1535 nos
2046 1471 2302 1555 quidem
2361 1474 2587 1535 nostra

238 1558 556 1622 divinatio
613 1556 826 1640 fallet,
880 1579 1073 1641 quam
1130 1579 1276 1621 cum
1332 1557 1962 1640 sapientissimorum
2019 1560 2308 1623 virorum
2363 1582 2585 1624 monu-

236 1648 479 1711 mentis
547 1651 740 1730 atque
805 1646 1165 1729 praeceptis
1230 1646 1670 1731 plurimoque,
1742 1651 1817 1711 ut
1887 1651 1960 1712 tu
2034 1648 2188 1730 scis,
2257 1648 2586 1712 doctrinae

241 1737 458 1801 studio
469 1786 486 1818 ,
532 1739 672 1799 tum
718 1754 957 1819 magno
1005 1735 1202 1799 etiam
1248 1757 1370 1799 usu
1415 1736 1794 1800 tractandae
1839 1737 1932 1800 rei
1978 1736 2274 1819 publicae
2320 1757 2583 1821 magna-

238 1847 367 1909 que
396 1827 767 1889 nostrorum
795 1828 1164 1906 temporum
1193 1822 1510 1888 varietate
1550 1824 1878 1889 consecuti
1909 1846 2156 1908 sumus;
2197 1824 2297 1889 cui
2326 1825 2584 1909 quidem

238 1913 629 1978 divinationi
663 1913 791 1977 hoc
835 1913 982 1996 plus
1029 1913 1431 1995 confidimus,
1478 1914 1648 1997 quod
1696 1934 1772 1977 ea
1815 1935 1936 1978 nos
1981 1913 2143 1978 nihil
2187 1913 2256 1978 in
2298 1913 2402 1978 his
2443 1911 2585 1978 'tam

239 2003 533 2068 obscuris
609 2002 799 2065 rebus
863 2005 1128 2085 tamque
1194 2002 1592 2084 perturbatis
1657 2025 1942 2087 unquam
2008 2002 2270 2069 omnino
2335 2001 2582 2066 fefellit.

236 2092 560 2173 Dicerem,
607 2112 770 2175 quae
817 2093 965 2154 ante
1011 2090 1230 2154 futura
1276 2089 1601 2174 dixissem,
1650 2091 1718 2155 ni
1764 2113 2037 2174 vererer,
2082 2113 2164 2155 ne
2212 2112 2291 2155 ex
2334 2091 2649 2156 eventis4

234 2181 481 2264 fingere
537 2179 816 2260 viderer3
877 2178 988 2242 sed
1043 2181 1260 2243 tamen
1314 2179 1578 2262 plurimi
1643 2183 1796 2245 sunt
1851 2183 2049 2244 testes
2105 2201 2206 2243 me
2263 2183 2327 2243 et
2380 2179 2588 2263 initio,

239 2291 326 2333 ne
364 2269 786 2352 coniungeret
825 2288 893 2331 se
932 2289 1076 2332 cum
1108 2264 1404 2351 Caesare,
1442 2269 1772 2333 monuisse
1800 2267 2203 2352 Pompeium,
2240 2272 2307 2332 et
2340 2272 2587 2351 postea,

241 2380 327 2422 ne
374 2379 439 2421 se
478 2357 871 2442 diiungeret:
918 2356 1373 2420 coniunctione
1409 2355 1628 2440 frangi
1666 2360 1929 2421 senatus
1970 2378 2145 2440 opeS,
2191 2356 2586 2420 diiunctione

239 2446 430 2511 civile
497 2445 741 2509 bellum
808 2444 1075 2509 excitari
1138 2444 1465 2529 videbam3
1530 2449 1722 2529 atque
1786 2446 2019 2509 utebar
2079 2444 2586 2508 familiarissime

239 2533 535 2615 Caesare,
573 2533 951 2619 Pompeium
992 2533 1307 2600 faciebam
1345 2533 1628 2617 plurimi,
1667 2533 1777 2597 sed
1817 2536 1955 2597 erat
1990 2554 2206 2597 meum
2245 2532 2586 2597 consilium

237 2646 386 2689 cum
449 2624 638 2687 fidele
693 2623 1002 2707 Pompeio
1013 2672 1031 2706 ,
1093 2626 1233 2686 tum
1294 2623 1577 2686 salutare
1642 2622 1916 2706 utrique.

310 2857 362 2904 2.
398 2852 492 2905 sed
536 2856 599 2904 ut
643 2849 788 2920 eum]
827 2849 877 2902 d.
916 2848 953 2902 i.
990 2849 1083 2902 sed
1127 2850 1201 2902 iis
1245 2864 1361 2902 ver-

237 2923 352 2988 bis,
399 2922 599 2991 quibus
641 2925 691 2975 te
736 2920 976 2975 consoler
1019 2924 1081 2972 ut
1118 2936 1251 2973 eum.
1291 2949 1359 2958 —

236 2994 315 3048 ad
350 2993 457 3061 me]
496 2992 580 3045 als
620 3007 680 3044 er
718 2991 837 3045 sich
865 3009 932 3043 zu
958 2989 1360 3044 Thessalonich

234 3062 497 3119 aufhielt.
539 3093 603 3102 —
642 3063 708 3117 de
740 3063 925 3116 reditu
943 3102 957 3116 .
981 3103 993 3116 .
1015 3060 1359 3131 confirmare]

238 3137 308 3190 de
345 3151 478 3187 was
514 3132 817 3187 betrifft.
889 3131 1018 3200 Vgl.
1055 3131 1151 3187 III.
1184 3138 1266 3186 16.
1297 3137 1358 3185 5:

233 3208 545 3274 impetrare.
589 3204 924 3268 Confirmat-e
952 3228 1020 3247 =
1038 3202 1359 3257 bestimmte

239 3274 732 3346 Versicherungen
767 3275 966 3344 geben.

308 3390 359 3439 3.
429 3382 637 3436 Tuscae
698 3379 1050 3450 disciplinae]
1119 3379 1230 3434 Cic.
1290 3380 1360 3433 de

237 3454 352 3507 div.
390 3452 432 3507 1.
464 3459 515 3507 2.
546 3460 603 3507 3:
643 3469 766 3506 cum
801 3468 1004 3521 mayna
1038 3454 1121 3505 vis
1157 3451 1360 3505 videre-

238 3530 335 3579 twr
370 3541 477 3579 esse
507 3566 519 3578 .
552 3565 564 3578 .
596 3565 606 3576 .
636 3524 701 3577 in
736 3523 1169 3589 haruspicum
1198 3522 1362 3576 disci-

227 3596 418 3666 plina,
445 3611 653 3649 omnem
680 3596 823 3649 hanc
850 3610 915 3647 ex
934 3593 1175 3648 Etruria
1190 3594 1363 3646 scien-

237 3669 376 3722 tiam
427 3666 778 3721 adhibebant.
846 3695 911 3704 -—
976 3664 1357 3735 monumentis]

237 3738 329 3793 die
360 3735 672 3804 Schriften3
701 3755 736 3789 v
776 3737 815 3789 l.
842 3734 1008 3790 111.5.
1031 3740 1088 3789 6:
1125 3751 1360 3789 monum.

238 3810 608 3874 Graecorum,
644 3826 695 3861 u.
762 3808 830 3861 ΙΙ.
868 3812 953 3861 39.
992 3812 1050 3859 2:
1099 3806 1364 3860 Graeciae

234 3898 377 3936 mon.
439 3881 550 3933 Zur
574 3878 819 3933 Lektiire
847 3877 1082 3947 gesellte
1112 3876 1232 3930 sich
1262 3876 1362 3929 das

236 3948 631 4019 selbst‘andige
668 3947 1205 4003 wissenschaftliche
1237 3947 1361 4014 Stu-

236 4023 392 4077 dium
416 4023 610 4090 (doctr‚
629 4021 911 4087 studium),
939 4019 1053 4071 und
1081 4017 1171 4072 die
1193 4019 1358 4086 lange

234 4092 539 4165 politische
591 4089 1000 4144 Wirksamkeit
1054 4090 1255 4158 (mayn.
1303 4105 1358 4144 u.

233 4170 396 4220 tract.
448 4164 532 4217 rei
567 4163 653 4231 p.)
699 4159 904 4215 erhielt
939 4159 1211 4229 grosseres
1250 4158 1358 4213 Ge-

234 4236 412 4291 wicht
463 4234 642 4288 durch
688 4232 778 4286 die
824 4248 1027 4301 mayna
1063 4236 1360 4299 temporum

234 4308 495 4361 varietas.

311 4419 362 4466 4.
391 4427 461 4466 ex
494 4410 698 4465 eventis
723 4410 947 4481 finyere]
975 4408 1106 4464 weil
1131 4407 1270 4463 alles
1300 4423 1361 4461 so

1468 2848 1835 2917 eingetroffen
1862 2866 1999 2916 war,
2033 2848 2140 2903 wie
2170 2847 2363 2903 Cicero
2383 2864 2442 2902 es
2460 2863 2585 2903 vor-

1468 2920 1785 2988 hergesagt.
1851 2921 1931 2974 Zu
1968 2920 2096 2974 dem
2133 2918 2436 2988 folgenden
2470 2920 2585 2989 vgl.

1467 2990 1611 3043 Phil.
1648 2989 1715 3045 H.
1758 2995 1849 3044 1οε
1913 2991 2039 3060 Eyo
2088 2992 2173 3045 M.
2210 2990 2417 3046 Bibulo
2463 3007 2586 3046 con·

1466 3062 1583 3115 sule
1617 3062 1761 3116 nihil
1787 3063 2161 3131 praetermisi,
2198 3066 2465 3131 quantum
2500 3063 2583 3128 fa-

1468 3148 1584 3186 cere
1617 3134 1851 3203 enitique
1881 3135 2062 3201 potui,
2099 3135 2235 3202 quin
2265 3132 2587 3202 Pompeium

1468 3221 1505 3258 a
1561 3201 1813 3258 Caesaris
1875 3205 2254 3259 coniunctione
2307 3220 2587 3259 avocarem

1470 3316 1481 3327 .
1515 3316 1527 3328 .
1563 3275 1761 3329 Postea
1793 3291 1918 3331 vero
1946 3292 2109 3346 quam
2134 3291 2190 3329 se
2227 3280 2396 3329 totum
2423 3275 2585 3330 Pom—

1459 3348 1625 3414 peius
1663 3344 1891 3401 Caesari
1923 3348 2185 3412 tradidit,
2220 3347 2355 3413 quid
2390 3362 2484 3414 eqo
2518 3347 2585 3398 il-

1470 3418 1584 3472 lum
1621 3417 1690 3470 ab
1728 3432 1787 3471 eo
1814 3418 2112 3472 distrahere
2139 3414 2405 3470 conarer?
2453 3416 2585 3470 Duo

1468 3492 1651 3542 tamen
1699 3493 1942 3557 tempora
1993 3488 2335 3554 inciderunt,
2389 3487 2588 3556 quibus

1469 3559 1686 3642 aliquid
1740 3565 1932 3615 contra
1988 3557 2269 3613 Caesarem
2309 3557 2587 3642 ,Pompei-o·

1468 3645 1735 3684 suaserim
1772 3671 1784 3683 .
1820 3674 1831 3685 .
1863 3673 1873 3684 .
1912 3647 2085 3685 unum
2120 3647 2187 3684 ne
2222 3645 2586 3698 quinquennii

1469 3701 1759 3769 imperium
1800 3701 2027 3757 Caesari
2063 3705 2412 3770 proroyaret:
2458 3701 2585 3755 alte-

1468 3788 1621 3838 rum,
1670 3789 1739 3826 ne
1765 3777 2049 3841 pateretur
2083 3773 2245 3838 ferri,
2299 3777 2363 3826 ut
2397 3772 2585 3826 absen-

1469 3844 1543 3896 tis
1578 3844 1695 3897 eius
1728 3845 1876 3898 ratio
1911 3844 2226 3908 haberetwr;
2271 3858 2501 3911 quorum
2535 3843 2587 3896 si

1469 3914 1742 3968 utrumvis
1777 3915 2168 3983 persua-§issem
2178 3953 2197 3980 ,
2250 3913 2315 3967 in
2349 3914 2449 3967 has
2484 3913 2585 3966 mi-

1467 3984 1640 4038 serias
1684 4001 1970 4054 nunquam
2011 3985 2390 4039 incidissemus
2398 4003 2418 4049 ;
2472 3984 2587 4037 und

1465 4052 1685 4108 weitere
1732 4072 1850 4109 mea
1887 4056 1991 4110 illa
2024 4072 2130 4111 vox
2165 4060 2242 4110 est
2276 4060 2411 4109 nota
2445 4056 2584 4109 mul-

1465 4125 1566 4180 tis.-
1614 4125 1894 4194 ‘Utinam,
1945 4125 2042 4182 Cn.
2081 4127 2329 4196 Pompei,
2365 4142 2488 4181 cum
2525 4125 2583 4181 C.

1470 4194 1700 4251 Caesare
1770 4200 2072 4252 societatem
2135 4203 2237 4252 aut
2295 4214 2582 4267 numquam

1468 4267 1687 4333 coisses,
1745 4273 1844 4323 aut
1896 4285 2179 4337 numquam
2225 4268 2579 4323 diremissesl'

1472 4367 1538 4377 —
1569 4339 1751 4409 atque]
1791 4340 1939 4407 „und
1976 4338 2195 4393 dabei“.
2261 4338 2365 4392 Die
2394 4337 2583 4392 Wich-

1468 4408 1676 4479 tigkeit
1711 4410 1808 4463 des
1846 4410 2107 4464 Zusatzes
2143 4409 2440 4464 betonend.

2056 4496 2159 4551 12*

2017 2621 2195 2697 Quae
2249 2624 2586 2704 praeterea
2605 2620 2646 2685 5
