3000 4917
425 250 554 314 216
1232 249 1369 304 LIB.
1407 249 1501 304 IV.
1564 248 1786 305 EPIST.
1829 256 1876 305 1.
1916 256 1964 303 2.

1366 482 1719 549 EPISTULA
1773 482 1823 547 Ι.

1329 604 1440 674 (Ad
1474 604 1607 659 fam.
1644 603 1738 658 XI.
1778 605 1851 672 5.)

849 730 923 784 M.
964 728 1223 784 CICERO
1265 728 1317 784 S.
1355 729 1422 785 D.
1461 726 1703 783 BRUTO
1740 728 1887 782 IMP.
1927 727 2076 783 COS.
2114 727 2344 783 DESIG.

368 859 403 923 1
604 856 824 941 Lupus
873 856 1210 922 familiaris
1257 860 1480 921 noster
1527 878 1674 920 cum
1719 878 1758 919 a
1794 860 1859 918 te
1896 856 2178 920 venisset
2214 877 2486 940 cumque
2523 855 2783 922 Romae

430 946 741 1030 quosdam
790 946 924 1010 dies
973 949 1509 1028 commoraretur,
1555 965 1676 1029 ego
1724 967 1904 1009 eram
1949 945 2018 1009 in
2064 945 2144 1007 iis
2192 944 2378 1027 locis,
2424 946 2493 1008 in
2539 946 2780 1030 quibus

428 1034 711 1099 maxime
747 1039 889 1099 tuto
930 1057 1032 1098 me
1069 1056 1208 1098 esse
1247 1034 1643 1098 arbitrabar:
1683 1055 1758 1098 eo
1794 1034 2042 1098 factum
2079 1037 2194 1110 est,
2231 1037 2305 1097 ut
2341 1034 2423 1097 ad
2459 1037 2527 1098 te
2556 1034 2782 1118 Lupus

431 1125 570 1188 sine
616 1124 774 1188 meis
821 1123 1056 1187 litteris
1102 1123 1361 1206 rediret,
1409 1143 1555 1186 cum
1600 1125 1819 1186 tamen
1867 1127 2153 1187 curasset
2187 1125 2332 1186 tuas
2372 1121 2453 1185 ad
2491 1144 2594 1186 me
2631 1145 2779 1206 per-

429 1211 743 1276 ferendas.
834 1211 1111 1276 Romam
1167 1215 1385 1276 autem
1440 1210 1590 1276 veni
1644 1233 1702 1276 a.
1757 1211 1814 1274 d.
1860 1229 1923 1275 V.
1969 1209 2114 1276 Kal.
2158 1209 2338 1289 Dec„
2399 1233 2518 1275 nec
2574 1211 2782 1277 habui

431 1301 776 1386 quicquam
830 1300 1185 1385 antiquius,
1243 1321 1435 1383 quam
1482 1304 1558 1364 ut
1601 1297 1884 1364 Pansam
1928 1300 2150 1363 statim
2196 1300 2635 1383 convenirem,
2699 1323 2781 1364 ex

430 1409 554 1472 quo
613 1410 689 1453 ea
746 1388 822 1452 de
878 1392 944 1452 te
1000 1389 1302 1473 cognovi,
1366 1410 1531 1473 quae
1586 1388 1863 1452 maxime
1919 1388 2245 1471 optabam.
2345 1387 2556 1464 Quare
2621 1390 2774 1454 hor-

427 1477 674 1541 tatione
720 1480 793 1541 tu
840 1477 1096 1562 quidem
1144 1499 1277 1541 non
1323 1498 1501 1563 egeS,
1559 1478 1615 1541 si
1659 1499 1742 1541 ne
1787 1477 1857 1540 in
1902 1476 2016 1541 illa
2064 1476 2319 1559 quidem
2365 1499 2463 1561 re,
2521 1494 2690 1562 quae
2738 1502 2779 1543 a

428 1569 493 1630 te
550 1570 736 1650 gesta
791 1571 893 1631 est
944 1570 1097 1650 post
1149 1566 1484 1631 hominum
1553 1565 1936 1630 memoriam
1999 1565 2307 1645 maxima,
2372 1566 2779 1632 hortatorem

365 1658 409 1722 2
429 1653 835 1739 desiderasti3
872 1654 1036 1719 illud
1067 1659 1288 1720 tamen
1318 1654 1601 1718 breviter
1629 1653 2123 1739 significandum
2154 1654 2424 1737 videtur,
2460 1657 2779 1739 populum

427 1741 790 1809 Romanum
848 1745 1067 1809 omnia
1123 1767 1161 1808 a
1214 1749 1281 1808 te
1339 1747 1708 1826 exspectare
1767 1748 1960 1826 atque
2014 1744 2084 1806 in
2137 1748 2201 1807 te
2261 1743 2610 1827 aliquando
2676 1767 2777 1809 re-

428 1833 810 1918 ciperandae
857 1833 1181 1898 libertatis
1228 1854 1485 1897 omnem
1533 1853 1715 1916 spem
1751 1853 2009 1915 ponere.
2082 1831 2200 1910 Tu,
2247 1833 2304 1896 si
2349 1832 2484 1897 dies
2522 1838 2781 1898 noctes-

429 1942 550 2004 que
587 1922 975 2004 memineris‚
1012 1918 1182 2005 quod
1218 1926 1285 1986 te
1321 1921 1534 1985 facere
1572 1924 1748 1986 certo
1779 1921 1933 1999 scio,
1970 1927 2281 2005 quantam
2310 1943 2444 1985 rem
2475 1924 2778 2007 gesseriS,

427 2031 560 2074 non
618 2010 996 2074 obliviscere
1052 2010 1372 2094 profecto,
1438 2013 1720 2094 quantae
1785 2009 1909 2073 tibi
1972 2009 2168 2073 etiam
2223 2031 2395 2074 nunc
2451 2012 2777 2095 gerendae

430 2099 586 2180 sint3
652 2099 703 2161 si
772 2099 942 2162 60101
1007 2098 1132 2162 iste
1194 2099 1597 2183 provinciam
1660 2102 1890 2162 nactus
1957 2098 2103 2179 erit,
2169 2099 2270 2162 cui
2336 2098 2596 2182 quidem
2650 2122 2778 2185 ego

430 2207 682 2268 semper
729 2187 975 2251 amicus
1010 2185 1106 2251 fui
1144 2192 1311 2271 ante,
1355 2208 1547 2271 quam
1583 2187 1769 2251 illum
1803 2186 2094 2250 intellexi
2127 2208 2260 2251 non
2300 2188 2491 2252 modo
2533 2195 2777 2274 aperte,

430 2273 540 2338 sed
578 2275 774 2339 etiam
810 2274 1087 2340 libenter
1126 2298 1272 2341 cum
1308 2297 1377 2339 re
1407 2276 1666 2360 publica
1695 2275 1939 2339 bellum
1967 2294 2226 2359 gerere,
2245 2297 2426 2359 spem
2454 2277 2779 2362 reliquam

368 2365 408 2428 3
428 2362 679 2428 nullam
699 2363 884 2429 video
907 2364 1154 2429 salutis.
1202 2363 1637 2440 Quamobrem
1659 2367 1725 2428 te
1746 2363 2013 2429 obsecro
2032 2364 2265 2428 iisdem
2291 2366 2609 2448 precibus,
2639 2367 2780 2450 qui-

432 2454 552 2518 bus
587 2456 856 2518 senatus
892 2454 1298 2538 populusque
1316 2452 1668 2531 Romanus,
1697 2457 1771 2516 ut
1796 2453 1864 2516 in
1883 2457 2265 2537 perpetuum
2284 2475 2420 2517 rem
2440 2455 2777 2537 publicam

431 2542 766 2607 dominatu
804 2544 986 2626 regio
1024 2542 1280 2626 liberes,
1325 2547 1399 2606 ut
1435 2542 1776 2626 principiis
1813 2542 2221 2607 consentiant
2263 2544 2488 2607 exitus,
2564 2544 2778 2608 Tuum

432 2634 532 2697 est
575 2630 699 2696 hoc
746 2653 1000 2713 01110118,
1044 2636 1196 2696 tuae
1241 2635 1487 2717 partes3
1536 2653 1575 2694 a
1618 2635 1684 2694 te
1722 2630 1845 2695 hoc
1883 2630 2111 2694 civitas
2149 2631 2251 2694 vel
2290 2653 2514 2696 omnes
2552 2633 2779 2716 potius

430 2722 656 2804 gentes
694 2742 828 2784 non
864 2724 1238 2803 exspectant
1274 2720 1506 2802 solum,
1546 2720 1658 2788 sed
1695 2720 1890 2783 etiam
1929 2718 2281 2802 postulant.
2344 2719 2777 2805 Quamquam,

432 2830 575 2872 cum
612 2808 981 2874 hortatione
1016 2831 1150 2873 non
1188 2828 1399 2893 egeas,
1443 2813 1520 2872 ut
1557 2830 1756 2891 supra
1793 2808 2039 2892 scripsi,
2085 2830 2215 2872 non
2256 2812 2404 2873 utar
2454 2832 2531 2873 ea
2576 2811 2778 2893 pluri-

434 2896 557 2961 bus
604 2897 842 2980 verbis;
898 2897 1136 2963 faciam
1182 2897 1371 2982 illud,
1426 2898 1597 2981 quod
1643 2919 1860 2961 meum
1906 2899 2032 2979 est,
2086 2901 2160 2960 ut
2203 2898 2323 2962 tibi
2370 2899 2591 2963 omnia
2635 2922 2785 2964 mea

434 2983 667 3066 officia,
697 2986 927 3070 studia,
958 3008 1163 3071 curas,
1191 2986 1621 3072 cogitationes
1651 2986 1973 3069 pollicear,
2004 3006 2166 3068 quae
2196 2986 2275 3050 ad
2306 2992 2487 3050 tuam
2517 2988 2777 3053 laudem

432 3074 500 3136 et
543 3072 819 3154 gloriam
856 3076 1290 3158 pertinebunt.
1364 3075 1798 3152 Quamobrem
1843 3074 2035 3139 velim
2074 3074 2199 3138 tibi
2233 3075 2325 3139 ita
2360 3077 2777 3162 persuadeaS,

502 3282 677 3337 Ems'r.
714 3281 756 3336 I.
797 3285 941 3354 (710.
970 3283 1080 3352 44.)
1136 3283 1249 3338 Der
1283 3283 1442 3338 Brief
1471 3284 1550 3338 ist-

428 3353 509 3408 im
558 3354 873 3409 November
920 3353 1406 3422 (wahrscheinlich
1454 3372 1547 3408 am

430 3429 516 3479 27.
544 3424 717 3494 Nov.‚
756 3441 828 3480 an
864 3426 1133 3480 welchem
1171 3427 1327 3494 Tage
1355 3425 1547 3481 Cicero

428 3496 573 3549 nach
627 3497 888 3565 langerer
944 3494 1343 3551 Abwesenheit
1399 3498 1549 3550 nach

429 3566 573 3621 Rom
610 3567 1037 3637 zurfickkehrte)
1075 3568 1456 3636 geschrieben.

505 3643 551 3691 1.
589 3637 814 3709 Lupus]
843 3637 902 3691 P.
932 3637 1177 3692 Rutilius
1205 3637 1393 3708 Lupus
1430 3654 1549 3691 war

430 3709 894 3763 wahrscheinlich
942 3709 1123 3776 Legat
1168 3708 1267 3763 des
1304 3709 1369 3763 D.
1408 3708 1545 3763 Bru-

427 3781 537 3836 tuS.
586 3810 651 3819 -
699 3781 772 3834 iis
827 3779 982 3851 loeis]
1039 3781 1139 3835 auf
1181 3781 1310 3835 dem
1353 3780 1548 3835 Lande

429 3850 509 3904 im
565 3851 857 3905 siidlichen
892 3850 1120 3920 Italien,
1183 3869 1268 3908 wo
1325 3869 1385 3906 er
1438 3853 1547 3905 seit

430 3921 593 3976 Mitte
624 3921 874 3976 Oktober
900 3923 1355 3993 zurfickgezogen
1374 3922 1546 3990 lebte‚

429 4011 526 4047 um
563 3993 675 4047 den
710 3992 1196 4062 Nachstellungen
1233 3994 1332 4047 des
1372 3995 1546 4047 Anto-

427 4065 553 4119 nius
588 4082 657 4117 zu
695 4066 989 4133 entgehen.
1046 4063 1097 4118 S.
1127 4063 1274 4119 Einl.
1306 4084 1351 4120 z.
1378 4064 1427 4119 J.
1458 4070 1544 4119 44.

428 4134 1161 4285 amatistes·
1176 4135 1544 4262 fiffssffi'ssl

429 4271 477 4325 J.
518 4278 605 4326 43.
672 4272 725 4328 S.
764 4276 910 4328 Eml.
949 4295 993 4331 z.
1034 4278 1085 4331 J.
1124 4284 1208 4331 44.
1249 4308 1316 4317 —
1353 4278 1418 4332 de
1466 4284 1518 4331 te

431 4340 484 4392 (1.
539 4342 576 4393 1.
632 4341 772 4395 fiber
834 4345 983 4398 seine
1040 4346 1367 4417 Gesinnung
1428 4365 1505 4401 un

432 4408 582 4461 scine
596 4408 972 4472 Entschh'isse.
991 4446 1053 4455 —
1071 4423 1135 4470 tu
1152 4419 1389 4488 quidem]
1405 4419 1545 4472 fiber

1657 3284 1748 3338 die
1803 3282 2223 3352 Einschiebung
2278 3284 2375 3339 (168
2427 3284 2775 3341 Pronomens

1655 3372 1697 3409 8.
1745 3354 1784 3410 1.
1836 3361 1919 3410 16.
1971 3360 2019 3410 1.
2058 3386 2126 3395 —-
2163 3357 2226 3410 in
2278 3357 2381 3410 illa
2431 3357 2516 3428 re]
2577 3357 2777 3413 casare

1653 3424 2022 3495 Ermordung.

1725 3503 1775 3553 2.
1804 3497 1929 3569 iste]
1959 3497 2252 3566 Antonius,
2281 3497 2379 3551 der
2396 3499 2651 3568 gestfitzt
2680 3501 2781 3554 auf

1655 3568 1819 3622 einen
1841 3569 1890 3622 V
1901 3585 1932 3623 o
1943 3565 2015 3620 lk
2026 3586 2050 3622 8
2063 3568 2360 3638 bescbluss,
2389 3571 2634 3625 welcher
2654 3571 2776 3624 ihm

1655 3656 1838 3708 gegen
1911 3639 2018 3694 den
2092 3638 2303 3694 Willen
2376 3640 2473 3695 des
2540 3640 2778 3696 Senates

1655 3709 1755 3764 das
1810 3710 2201 3779 cisalpinische
2249 3710 2467 3765 Gallien
2520 3713 2777 3767 siberti-a—

1654 3797 1780 3850 gen,
1818 3798 1930 3836 von
1963 3783 2164 3834 Brutus
2203 3781 2463 3851 verlangt
2497 3784 2680 3850 hatte,
2715 3800 2779 3838 er

1655 3852 1795 3906 solle
1843 3868 1902 3906 68
1940 3868 2012 3908 an
2048 3851 2149 3905 ihn
2184 3870 2365 3923 gegen
2401 3854 2776 3909 Macedonien

1655 3922 1926 3977 abtreten.

1725 3998 1775 4050 3.
1814 3995 2100 4049 dominatu
2145 3994 2317 4065 reqio]
2365 3995 2496 4050 weil
2529 3995 2635 4049 mit
2673 3996 2778 4049 der

1653 4063 2008 4134 Ermordung
2076 4064 2274 4119 088818
2340 4064 2433 4119 (116
2496 4066 2777 4135 Tyrannis

1650 4135 1812 4191 nicht
1833 4134 2104 4205 beseitigt
2116 4137 2359 4191 worden.
2397 4134 2726 4206 vgl.1V.25.
2744 4144 2772 4191 1

1652 4224 1697 4260 z.
1742 4209 1920 4276 reqios
1962 4213 2147 4262 nutus.
2204 4238 2276 4248 —
2328 4215 2459 4263 utar
2504 4208 2589 4279 ea]
2642 4210 2772 4263 hor-

1651 4280 1856 4333 tatione
1903 4280 1992 4333 uti
2028 4305 2097 4323 ==
2132 4279 2451 4335 ermahnen.
2510 4309 2576 4319 —

1653 4393 1665 4403 .
1707 4391 1720 4404 .
1759 4390 1771 4402 .
1800 4350 2178 4419 pertinebunt]
2233 4348 2326 4403 die
2374 4353 2519 4419 (nur)
2566 4350 2772 4404 deinen

1650 4419 1836 4474 Ruhm
1870 4438 1995 4474 zum
2032 4421 2182 4474 Ziele
2218 4420 2405 4477 haben
2442 4421 2681 4477 werden.
