3000 4917
1071 206 1127 261 O.
1166 205 1403 261 IULIUS
1442 205 1745 262 CAESAR.
2452 203 2580 270 139

230 366 678 443 Quamobrem
727 389 766 431 a
810 371 877 432 te
922 373 1073 452 peto
1120 370 1221 434 vel
1268 368 1484 453 potius
1532 370 1833 434 omnibus
1887 371 1955 432 te
2007 370 2307 453 precibus
2353 392 2466 435 oro
2513 371 2642 437 et3

224 457 560 539 obtestor,
613 459 690 520 ut
737 457 806 520 in
850 458 983 522 tuis
1031 458 1329 522 maximis
1378 457 1547 522 curis
1594 457 1841 541 aliquid
1886 458 2222 541 impertias
2267 458 2579 544 temporis

221 544 389 609 huic
446 566 699 630 quoque
753 546 1172 632 cogitationi,
1226 550 1300 610 ut
1353 550 1468 611 tuo
1522 546 1836 611 beneficio
1891 546 2100 611 bonus
2157 548 2281 627 vir,
2336 552 2581 633 gratus,

224 633 385 717 pius
423 632 694 717 denique
731 655 872 699 esse
911 635 981 699 in
1018 636 1283 699 maximi
1321 634 1616 700 beneficii
1653 636 1964 700 memoria
1998 637 2271 720 possim3
2318 657 2480 720 quae
2521 636 2578 700 si

223 726 494 786 tantum
551 723 631 787 ad
686 744 789 787 me
842 724 1059 807 ipsum
1112 725 1542 809 pertinerent,
1608 746 1933 808 sperarem
1988 747 2092 790 me
2150 748 2188 789 a
2240 729 2306 788 te
2362 729 2579 788 tamen

227 811 764 895 impetraturum3
818 812 957 897 sed,
1012 817 1087 877 ut
1132 814 1440 895 arbitror,
1493 817 1561 876 et
1610 813 1690 877 ad
1735 816 1916 877 tuam
1960 813 2154 879 fidem
2201 818 2268 877 et
2315 813 2395 877 ad
2440 834 2578 877 rem

229 899 570 982 publicam
616 900 921 985 pertinet,
967 923 1068 965 me
1115 923 1150 965 e
1195 902 1419 986 paucis
1466 905 1533 965 et
1578 901 1660 965 ad
1697 901 2030 986 utriusque
2068 905 2356 967 vestrum
2394 905 2460 965 et
2498 901 2579 965 ad

223 988 473 1053 civium
541 989 949 1054 concordiam
1020 1011 1136 1073 per
1207 995 1273 1054 te
1350 1012 1545 1074 quam
1619 991 2358 1056 accommodatissimum
2432 1012 2580 1055 con-

222 1078 496 1141 servari.
568 1077 733 1163 Ego,
780 1099 926 1142 cum
965 1083 1155 1142 antea
1192 1079 1315 1143 tibi
1354 1079 1432 1143 de
1474 1078 1748 1144 Lentulo
1797 1080 2042 1164 gratias
2089 1081 2386 1165 egissem,
2431 1100 2578 1144 cum

216 1166 292 1229 ei
324 1167 542 1251 saluti,
580 1168 688 1251 qui
718 1167 876 1231 mihi
911 1166 1141 1252 fuerat,
1177 1168 1432 1252 fuisseS,
1470 1171 1690 1232 tamen
1729 1168 1913 1232 lectis
1953 1168 2088 1232 eius
2123 1169 2378 1252 litteris,
2416 1189 2576 1253 quas

213 1254 314 1318 ad
363 1277 468 1320 me
516 1256 888 1340 gratissimo
935 1258 1152 1322 animo
1199 1256 1276 1321 de
1321 1261 1436 1321 tua
1472 1257 1865 1325 liberalitate
1904 1255 2340 1341 beneficioque
2378 1257 2575 1334 misit,

220 1344 508 1408 eandem
555 1367 658 1409 me
705 1345 976 1410 salutem
1029 1369 1067 1410 a
1112 1348 1179 1409 te
1226 1346 1552 1430 accepisse
1597 1345 1823 1429 putavi
1868 1367 2061 1429 quam
2098 1345 2235 1410 ille:
2281 1345 2350 1409 in
2387 1367 2578 1428 quem

220 1432 290 1496 si
321 1454 444 1533 ‘me
479 1433 808 1519 intellegis
857 1455 994 1498 esse
1042 1438 1322 1520 gratum,
1369 1456 1542 1518 cura,
1590 1434 1876 1516 obsecro,
1921 1438 1995 1497 ut
2042 1434 2237 1499 etiam
2284 1434 2350 1498 in
2389 1434 2580 1498 Pom-

217 1542 452 1604 peium
498 1543 637 1586 esse
682 1523 947 1606 possim.

1147 1716 1504 1784 EPISTULA
1549 1716 1667 1782 III.

1132 1839 1241 1908 (Aa
1278 1838 1395 1893 Aa.
1433 1838 1525 1893 lx.
1569 1839 1676 1907 16.)

1068 1960 1326 2019 CICERO
1374 1960 1642 2017 ATTICO
1693 1962 1747 2017 S.

411 2084 601 2171 Cum,
657 2087 828 2173 quod
890 2088 1232 2153 scriberem
1289 2089 1370 2153 ad
1425 2095 1520 2172 te,
1584 2089 1749 2154 nibil
1804 2089 2137 2171 haberem,
2193 2095 2443 2171 tamen,
2496 2109 2577 2151 ne
2603 2093 2636 2154 1

219 2197 427 2260 quem
483 2176 651 2241 diem
705 2177 1235 2262 intermitterem,
1288 2177 1409 2243 has
1465 2179 1612 2243 dedi
1668 2179 1937 2243 litteras,
2038 2180 2117 2243 A.
2174 2177 2234 2243 d.
2287 2195 2378 2241 vl.
2435 2175 2581 2241 Kal.

225 2264 576 2330 Caesarem
607 2263 975 2330 Sinuessam
1004 2288 1375 2330 mansurum
1406 2268 1820 2331 nuntiabant.
1883 2269 1990 2331 Ab
2020 2288 2095 2330 eo
2126 2265 2286 2330 mihi
2322 2266 2579 2330 litterae

223 2354 521 2417 redditae
571 2359 722 2418 sunt
768 2376 823 2418 a.
870 2360 923 2419 d.
968 2372 1084 2419 Vn.
1130 2354 1425 2439 Kalend„
1471 2357 1706 2440 quibus
1753 2357 1883 2420 iam
1930 2353 2143 2438 „opes“
2187 2375 2385 2437 meaS,
2429 2375 2580 2434 non,

222 2447 306 2507 ut
355 2443 795 2527 superioribus
842 2444 1107 2526 litteris,
1162 2445 1405 2527 „opem“
1461 2448 1809 2529 exspectat.
1902 2442 2064 2508 Cum
2122 2443 2259 2507 eius
2307 2442 2577 2506 clemen-

221 2533 393 2595 tiam
442 2529 904 2597 Corfiniensem
950 2533 1134 2597 illam
1181 2555 1294 2615 per
1340 2534 1597 2598 litteras
1643 2532 2197 2615 collaudavissem,
2242 2530 2578 2614 rescripsit

221 2620 357 2684 hoc
404 2622 730 2705 exemplo:

304 2799 355 2850 3.
395 2796 570 2849 bonus
596 2795 708 2866 vir]
738 2795 1110 2851 Ehrenmann.
1161 2796 1230 2850 de
1260 2794 1349 2851 off.
1461 2794 1538 2850 ist
1563 2794 1622 2850 P.
1653 2794 1926 2851 Lentulus
1957 2793 2238 2863 Spinther,
2267 2793 2377 2848 den
2408 2790 2582 2846 Casar

225 2865 301 2920 II.
342 2871 392 2919 9.
432 2871 527 2920 33:
576 2868 738 2922 iustis
775 2874 825 2921 et
860 2868 990 2933 fidis
1024 2867 1351 2935 hominibus,
1460 2867 1555 2921 bei
1592 2868 1691 2921 der
1732 2866 2078 2935 Wegnahme
2116 2864 2445 2920 Corfiniums
2482 2880 2577 2933 ge-

224 2938 292 2990 id
329 2941 408 2990 est
443 2938 583 2991 viris
619 2939 804 3006 boni8;
847 2938 922 2992 ib.
961 2937 1000 2990 I.
1044 2943 1092 2992 ⁷.
1132 2943 1225 2991 20:
1264 2939 1351 2991 iu·
1461 2936 1668 3006 fangen
1748 2953 2059 3004 enommen,
2098 2937 2232 2991 aber
2269 2935 2581 3004 begnadigt

215 3009 413 3074 stitia,
460 3009 525 3062 in
575 3025 686 3078 qua
729 3010 953 3063 virtutis
986 3010 1242 3076 splendor
1276 3015 1355 3064 est
1458 3008 1574 3061 und
1612 3026 1680 3063 en
1731 3024 1892 3062 asson
1932 3010 2106 3063 hatte.
2159 3006 2339 3063 Unter
2371 3008 2581 3061 seinem

224 3080 534 3146 maximus,
579 3097 647 3134 ex
692 3097 802 3149 qua
847 3080 959 3134 viri
1003 3080 1134 3133 boni
1168 3080 1351 3149 appel·
1458 3078 1739 3135 Konsulat
1782 3095 1899 3133 war
1937 3077 2126 3133 Cicero
2170 3093 2270 3132 aus
2308 3079 2408 3132 der
2443 3077 2580 3131 Ver-

227 3151 441 3205 Zantw.
480 3181 547 3190 —
586 3151 817 3205 maximi
844 3150 1111 3220 beneficii]
1149 3151 1351 3205 beson-
1460 3152 1728 3221 bannung
1765 3149 2200 3204 zuriickberufen
2241 3150 2482 3203 worden.

227 3221 361 3275 ders
398 3222 704 3276 verdankte
742 3236 802 3275 er
837 3220 956 3274 ihm
984 3222 1075 3275 die
1103 3220 1349 3275 Zurflck-
1530 3222 1709 3277 Emer.
1765 3220 1858 3275 ΠΙ.
1950 3222 2100 3289 (705.
2167 3220 2289 3288 49.)
2383 3218 2575 3274 Cicero

227 3291 510 3361 berufung
554 3308 654 3346 aus
704 3291 831 3347 dem
876 3292 1020 3347 Exil.
1077 3323 1143 3332 —
1198 3298 1351 3348 tuam
1460 3293 1680 3347 schrieb
1711 3291 1903 3346 diesen
1930 3290 2203 3345 Briefam
2223 3296 2309 3346 26.
2329 3291 2482 3344 Marz
2513 3306 2581 3342 zu

227 3363 394 3431 fidem
459 3364 589 3429 fides
626 3361 956 3418 bezeichnet
990 3363 1113 3417 hier
1137 3364 1198 3417 in
1224 3381 1349 3433 pas-
1457 3362 1697 3419 For-mia.

221 3433 386 3488 :niver
460 3435 741 3505 edentung
777 3435 913 3502 „das
951 3434 1041 3488 ffir
1077 3435 1350 3488 zuverlas-
1534 3441 1581 3490 l.
1612 3431 2259 3505 Sinuessam]Nachdem
2278 3429 2579 3511 Pompuejus

227 3505 327 3575 sig
372 3505 641 3575 gehalten
686 3505 962 3573 werden“,
1008 3505 1098 3559 die
1145 3505 1351 3560 Glaub-
1458 3522 1551 3559 am
1585 3512 1666 3561 17.
1695 3504 1850 3559 Marz
1870 3503 2227 3558 Brundisium
2256 3503 2363 3556 mit
2389 3517 2581 3554 semen

230 3574 593 3643 wurdigkeit.
677 3574 850 3631 Oasar
893 3576 1051 3631 hatte
1100 3575 1185 3631 oft
1230 3574 1352 3631 sein
1459 3576 1725 3646 Truppen
1755 3577 2039 3631 verlassen
2069 3575 2247 3642 hatte,
2277 3590 2382 3642 zog
2410 3571 2581 3626 Casar

231 3646 559 3716 Verlangen
605 3647 750 3702 nach
787 3646 939 3703 einer
974 3648 1353 3716 Aussbhnung
1463 3662 1555 3700 am
1601 3646 1681 3701 fol
1725 3649 1904 3702 enden
1950 3646 2105 3716 Tage
2161 3644 2224 3697 in
2273 3645 2364 3698 die
2418 3642 2582 3697 Stadt

231 3717 703 3787 ausgesprochen.
755 3750 822 3759 ——
878 3718 1212 3790 conservari]
1265 3718 1353 3772 Οἱ·
1462 3717 1554 3773 ein
1591 3737 1662 3773 un
1744 3717 1879 3773 eilte
1918 3718 2068 3771 dann
2104 3717 2247 3770 nach
2287 3716 2453 3780 Rom,
2494 3730 2580 3767 wo

228 3805 363 3844 cero
400 3788 691 3844 wi‘inschte
725 3790 786 3844 in
811 3790 910 3845 der
944 3789 1202 3870 Stellung
1229 3806 1352 3844 ver·
1462 3805 1524 3843 er
1553 3789 1703 3844 noch
1730 3806 1832 3844 vor
1861 3789 1989 3843 dem
2020 3792 2067 3841 1.
2097 3785 2261 3857 April
2290 3784 2581 3840 eintreffen

234 3858 466 3915 bleiben
502 3878 569 3913 zu
605 3860 852 3929 konnen,
891 3858 1014 3914 dass
1052 3877 1127 3926 er,
1165 3860 1354 3914 mdem
1459 3859 1680 3929 wollte,
1734 3878 1832 3914 um
1883 3859 2028 3913 nach
2076 3859 2302 3912 kurzem
2349 3855 2580 3910 Aufent-

230 3949 293 3986 er
312 3930 436 3987 sich
455 3931 547 3985 fiir
558 3930 724 3986 keine
742 3948 853 3986 von
872 3931 1073 3986 beiden
1092 3930 1356 3985 Parteien
1458 3931 1618 3986 halte
1665 3932 1807 3985 nach
1856 3929 2101 4001 Spanien
2150 3947 2217 3983 zu
2262 3930 2463 3998 gehen.
2511 3957 2579 3967 —

228 4001 382 4057 offen
419 4001 683 4070 erklarte,
721 4003 820 4057 das
854 4004 990 4056 Amt
1024 4002 1175 4056 eines
1203 4000 1353 4055 Frie-
1461 4018 1493 4057 ο
1534 4000 1608 4074 es]
1681 4002 1834 4055 kann
1896 4000 2042 4054 auch
2103 4001 2420 4068 Vermogen
2483 3997 2581 4052 be-

230 4073 716 4129 densvermittlers
745 4072 1123 4128 iibernehmen
1152 4071 1352 4128 konne.
1462 4019 1670 4127 dzduten
1720 4071 1835 4125 und
1892 4071 2031 4125 wird
2085 4069 2209 4126 hier
2262 4068 2583 4125 scherzhaft

230 4145 341 4199 Zur
395 4142 807 4200 Konstruktion
861 4143 973 4216 vgl.
1031 4144 1148 4198 Att.
1204 4142 1353 4201 VIII.
1463 4160 1525 4197 so
1562 4143 1891 4212 gebraucht.
1928 4173 1999 4182 —
2035 4142 2178 4197 clem.
2221 4140 2395 4213 Gorfi]
2445 4158 2485 4197 s.
2526 4142 2579 4196 d.

231 4222 316 4273 14.
340 4223 401 4272 3:
441 4217 519 4272 ad
545 4216 608 4271 id
626 4258 638 4270 .
664 4257 676 4269 .
688 4218 928 4286 pertinet
953 4233 1035 4270 me
1061 4216 1201 4270 scire
1227 4220 1354 4281 etc.‚·
1463 4213 1684 4268 Schluss
1721 4213 1774 4269 d.
1803 4230 1920 4269 vor.
1949 4211 2041 4266 Br.
2080 4244 2147 4253 --
2184 4213 2282 4268 hoc
2316 4212 2581 4284 exemplo]

230 4287 342 4359 vgl.
370 4287 470 4342 III.
500 4293 588 4342 39.
617 4292 667 4342 2.
699 4318 764 4326 —
794 4287 1054 4358 Lentulo]
1094 4284 1356 4341 Gemeint
1463 4302 1508 4340 Β.
1546 4304 1590 4339 z.
1632 4283 1726 4359 III.
1767 4289 1815 4338 δ.
1857 4288 1906 4340 l.
