3000 4917
336 1976 420 2040 11

455 215 587 280 130
1309 216 1444 272 LIB.
1482 217 1549 272 II.
1614 217 1839 275 EPIST.
1877 224 1964 273 28.

452 382 519 449 et
557 378 629 443 in
657 378 943 464 reliquiis
970 377 1211 444 Amani
1239 379 1527 446 delendis
1558 382 1861 466 agrisque
1889 381 2238 465 vastandis,
2282 403 2442 466 quae
2471 404 2621 467 pars
2650 383 2777 448 eius

452 467 695 531 montis
744 489 924 533 meae
970 469 1339 553 provinciae
1386 472 1517 551 est,
1563 470 1629 534 id
1673 475 1929 554 tempus
1978 491 2169 534 omne
2205 472 2730 554 consumpsimus,

349 555 435 620 10
633 553 963 622 Confectis
1019 556 1122 621 his
1175 559 1369 623 rebus
1426 559 1508 623 ad
1554 559 1858 643 oppidum
1904 557 2516 623 Eleutherocilicum
2562 560 2778 624 Pinde-

451 644 704 709 nissum
751 647 1105 712 exercitum
1143 647 1410 732 adduxi3
1447 648 1618 732 quod
1656 668 1800 711 cum
1839 650 2010 711 esset
2051 648 2367 713 altissimo
2407 653 2473 712 et
2503 649 2781 713 munitis-

452 733 618 798 simo
655 735 797 799 loco
836 735 917 800 ab
961 736 1167 820 iisque
1205 736 1614 818 incoleretur,
1651 736 1762 819 qui
1795 756 1876 798 ne
1910 736 2177 820 regibus
2214 737 2473 820 quidem
2511 759 2781 821 unquam

455 824 843 907 paruissent,
890 845 1035 889 cum
1074 827 1141 888 et
1174 824 1485 908 fugitivos
1524 823 1881 908 reciperent
1917 828 1985 888 et
2018 824 2407 889 Parthorum
2446 826 2779 890 adventum

452 913 765 979 acerrime
838 917 1314 998 exspectarent,
1390 913 1470 977 ad
1546 911 2090 979 existimationem
2154 914 2412 998 imperii
2476 915 2785 998 pertinere

450 1000 805 1066 arbitratus
845 1024 988 1066 sum
1024 1003 1443 1086 comprimere
1481 1022 1704 1066 eorum
1745 1001 2098 1081 audaciam,
2136 1024 2264 1086 quo
2303 1003 2559 1067 facilius
2597 1006 2782 1067 etiam

449 1092 813 1155 ceterorum
850 1091 1072 1174 animi,
1109 1088 1220 1174 qui
1256 1089 1449 1154 alieni
1481 1093 1700 1154 essent
1728 1090 1811 1155 ab
1838 1090 2109 1174 imperio
2136 1095 2381 1175 nostro,
2418 1092 2784 1176 frangeren-

449 1182 574 1244 tur.
647 1178 837 1244 Vallo
876 1183 945 1242 et
978 1179 1156 1243 fossa
1193 1178 1607 1263 circumdedi3
1647 1200 1759 1243 sex
1796 1180 2081 1244 castellis
2110 1181 2466 1265 castrisque
2495 1180 2783 1245 maximis

451 1267 692 1351 saepsi3
749 1287 1013 1352 aggere,
1068 1267 1272 1331 vineis
1282 1318 1300 1350 ‚
1352 1269 1641 1332 turribus
1697 1269 2069 1354 oppugnavi
2120 1289 2402 1353 ususque
2448 1268 2783 1334 tormentis

448 1356 695 1438 multis,
741 1357 965 1420 multis
1003 1355 1381 1440 sagittariis,
1422 1377 1661 1441 magno
1700 1357 1924 1421 labore
1962 1378 2104 1422 meo
2144 1358 2281 1422 sine
2315 1357 2449 1423 ulla
2491 1358 2784 1422 molestia

450 1448 790 1528 sumptuve
847 1444 1193 1528 sociorum,
1249 1447 1527 1528 septimo
1584 1446 2119 1531 quinquagesimo
2175 1447 2277 1510 die
2332 1469 2471 1510 rem
2530 1446 2786 1528 confeci,

447 1536 521 1596 ut
567 1533 867 1597 omnibus
913 1533 1211 1617 partibus
1258 1535 1439 1599 urbis
1486 1535 1866 1599 disturbatis
1904 1539 2019 1599 aut
2051 1535 2332 1599 incensis
2370 1536 2690 1619 compulsi
2723 1535 2781 1598 in

443 1625 839 1705 potestatem
886 1645 1096 1687 meam
1145 1625 1578 1707 pervenirent.
1652 1621 1775 1688 His
1823 1628 2009 1688 erant
2052 1623 2316 1688 finitimi
2358 1625 2509 1708 pari
2555 1630 2781 1689 scelere

444 1713 513 1775 et
566 1712 837 1777 audacia
880 1711 1217 1796 Tibarani3
1272 1712 1354 1777 ab
1408 1714 1489 1777 iis
1546 1712 1929 1776 Pindenisso
1980 1716 2171 1796 capto
2228 1713 2486 1777 obsides
2547 1713 2782 1798 accepi;

445 1802 795 1866 exercitum
841 1802 910 1865 in
953 1800 1225 1866 hiberna
1273 1801 1516 1886 dimisi3
1562 1798 1635 1876 Q.
1678 1800 1949 1865 fratrem
1993 1802 2257 1884 negotio
2303 1802 2672 1885 praeposui,
2715 1804 2783 1864 ut

443 1890 516 1953 in
560 1890 720 1954 vicis
768 1894 881 1955 aut
925 1890 1132 1974 captis
1180 1894 1294 1954 aut
1342 1891 1511 1955 male
1556 1890 1807 1974 pacatis
1857 1890 2172 1955 exercitus
2218 1891 2668 1956 collocaretur.

620 1978 814 2044 Nunc
851 1979 1048 2044 velim
1084 1979 1178 2043 sic
1215 1979 1339 2043 tibi
1373 1978 1782 2062 persuadea8‚
1820 1979 1876 2042 si
1912 1978 1990 2043 de
2026 1980 2108 2043 iis
2144 1978 2336 2044 rebus
2375 1979 2458 2043 ad
2490 1982 2783 2044 senatum·

442 2066 721 2131 relatum
759 2067 863 2150 sit,
900 2090 1003 2132 me
1041 2068 1560 2132 existimaturum
1598 2089 1920 2133 summam
1961 2068 2121 2131 mihi
2155 2068 2410 2132 laudem
2447 2068 2779 2143 tributam,

443 2154 501 2219 si
555 2157 629 2220 tu
682 2155 998 2221 honorem
1052 2178 1268 2221 meum
1325 2157 1649 2221 sententia
1700 2161 1816 2220 tua
1862 2157 2331 2241 comprobaris;
2386 2156 2613 2241 idque,
2666 2155 2776 2219 etsi

440 2243 681 2308 talibus
712 2245 789 2308 de
817 2245 1008 2309 rebus
1043 2245 1468 2330 gravissimos
1506 2245 1803 2310 homines
1845 2250 1912 2309 et
1947 2265 2180 2330 rogare
2218 2247 2423 2309 solere
2462 2250 2535 2310 et
2570 2243 2777 2329 rogari

442 2333 593 2417 scio,
631 2336 855 2399 tamen
893 2334 1364 2399 admonendum
1400 2335 1620 2417 potius
1656 2337 1723 2397 te
1761 2356 1801 2398 a
1837 2354 1938 2396 me
1976 2355 2169 2417 quam
2206 2334 2575 2418 rogandum
2610 2337 2775 2418 put0.

440 2420 540 2487 Τιι
586 2444 655 2487 es
703 2424 874 2489 enim
920 2423 1005 2501 is,
1057 2424 1167 2508 qui
1213 2444 1315 2487 me
1360 2424 1493 2488 tuis
1541 2421 1880 2487 sententiis
1927 2422 2305 2507 saepissime
2352 2424 2631 2505 ornasti,
2675 2420 2778 2506 qui

442 2512 755 2595 oratione,
802 2513 913 2598 qui
948 2512 1445 2595 praedicatione,
1492 2512 1604 2596 qui
1651 2511 1920 2576 summis
1967 2511 2264 2576 laudibus
2311 2512 2379 2576 in
2422 2517 2671 2594 senata,
2712 2531 2775 2573 m

441 2602 857 2667 contionibus
915 2602 995 2666 ad
1042 2601 1291 2667 caelum
1339 2600 1658 2684 extulisti,
1712 2598 1891 2664 cuius
1939 2620 2062 2685 ego
2109 2621 2362 2684 semper
2407 2604 2600 2666 tanta
2645 2619 2777 2664 esse

441 2829 704 2894 geweiht.
763 2827 880 2882 Att.
907 2827 977 2883 V.
1006 2833 1091 2884 20.
1124 2834 1182 2883 8:
1215 2834 1398 2884 castra
1409 2845 1557 2897 pau-

435 2913 527 2952 cos
581 2899 697 2953 dies
749 2900 1042 2954 habuimus
1095 2915 1160 2954 ea
1212 2901 1362 2970 ipsa,
1419 2915 1557 2969 quae

440 2973 634 3023 contra
674 2969 923 3024 Dareum
967 2970 1233 3025 habuerat
1282 2973 1434 3039 apud
1468 2969 1556 3024 Is-

434 3054 558 3093 sum
584 3038 919 3095 Alexander.
950 3071 1018 3081 —
1046 3042 1296 3110 reliquiis
1319 3041 1552 3112 Amani]

437 3126 589 3234 2133
626 3110 897 3236 &ufhd‘i'flt
924 3113 1358 3239 332531333‘2122
1383 3112 1558 3237 {30¹¹}

433 3267 541 3306 nus
590 3253 700 3306 und
746 3252 868 3307 ihre
915 3253 1257 3308 Wohnsitze.
1309 3285 1373 3293 —
1420 3271 1560 3324 quae

423 3339 568 3392 pare
598 3367 609 3378 .
643 3364 656 3378 .
686 3323 786 3396 est]
815 3323 874 3378 in
894 3324 1022 3378 dem
1042 3324 1198 3378 Teile
1218 3324 1314 3379 des
1333 3326 1556 3395 Berges,

436 3394 538 3449 der
575 3414 640 3448 zu
677 3393 859 3450 seiner
895 3395 1131 3450 Provinz
1166 3397 1383 3467 gehort.
1473 3398 1480 3409 “

508 3471 591 3521 10.
636 3466 1177 3537 Eleutherocilicum]
1230 3468 1327 3521 der
1374 3465 1555 3521 freien

434 3536 673 3605 Cilicier,
704 3537 795 3591 die
824 3538 970 3592 noch
997 3537 1159 3591 nicht
1176 3538 1553 3593 unterworfen

431 3624 636 3663 waren.
687 3638 755 3647 —
802 3625 923 3663 cum
962 3649 974 3661 .
1017 3650 1029 3662 .
1066 3608 1389 3679 reciperent]
1434 3607 1551 3663 Das

431 3676 629 3734 zweite
693 3696 818 3733 cum
883 3677 1009 3748 gibt
1078 3680 1186 3734 den
1250 3679 1552 3748 speziellen

432 3750 624 3805 Grund
664 3767 754 3818 an,
790 3767 1003 3804 warum
1033 3750 1225 3805 Cicero
1265 3751 1355 3805 die
1385 3749 1553 3805 Stadt

427 3821 723 3891 angreifen
760 3838 831 3875 ιιι
864 3825 1089 3875 rm‘issen
1128 3822 1386 3890 glaubte3
1434 3823 1548 3891 vgl.

428 3909 496 3946 zu
534 3893 602 3950 Il.
654 3898 734 3948 11.
784 3900 834 3949 6.
873 3923 940 3932 -
977 3893 1265 3964 fugitivos]
1310 3893 1551 3947 ‘entlau-

427 3964 555 4018 fene
585 3962 874 4018 Sklaven’.
906 3994 974 4004 —
1004 3964 1296 4036 compulsi]
1338 3964 1421 4019 ‘in
1457 3965 1550 4018 die

428 4034 586 4104 Enge
632 4033 964 4105 gettieben.’
1005 4065 1072 4074 -
1117 4036 1417 4106 Tibarani]
1456 4035 1550 4089 ein

428 4105 789 4161 Raubervolk
818 4121 909 4159 am
936 4104 1203 4161 Amanus.
1234 4137 1301 4146 —-
1334 4107 1395 4176 Q.
1424 4107 1545 4173 fra-

426 4175 587 4246 trem]
616 4175 733 4230 Att.
755 4176 820 4232 V.
851 4181 938 4232 20.
971 4183 1029 4231 5:
1071 4179 1219 4232 Hinc
1255 4178 1548 4232 exercitum

427 4245 493 4296 in
518 4244 748 4301 hiberna
774 4249 902 4314 aym·
917 4249 1057 4301 male
1071 4250 1265 4316 pacati
1283 4249 1547 4304 deducen-

427 4315 560 4368 dum
590 4315 654 4384 Q.
688 4318 863 4383 fratri
888 4320 1089 4373 dabam
1096 4340 1120 4386 ;
1151 4321 1267 4388 ipse
1291 4335 1374 4374 me
1399 4320 1546 4374 Lao·

425 4384 637 4439 diceam
672 4387 1010 4454 recipiebam.

1737 2833 1821 2881 11.
1839 2827 2092 2882 honorem
2108 2828 2307 2899 meum]
2327 2828 2379 2882 d.
2401 2825 2437 2881 i.
2460 2828 2556 2883 die
2574 2827 2769 2882 Ehren-

1662 2896 2018 2968 bezeugung,
2083 2897 2173 2951 die
2235 2898 2329 2952 ich
2391 2917 2461 2953 zu
2525 2896 2772 2953 erhalten

1664 2972 1955 3036 wfinsche,
2004 2968 2097 3022 die
2143 2970 2496 3038 supplicatio.
2547 3001 2616 3011 —
2659 2973 2707 3022 te
2739 2983 2771 3019 a

1662 3041 1769 3166 3²12]
1784 3039 2769 3190 ἔῖἕέἒωὲἰξοίθῖἓὲἳξρῗὲἐῗᾚέἒ

1665 3182 1791 3249 den,
1818 3198 1879 3237 so
1899 3182 2044 3238 noch
2064 3181 2222 3236 mehr
2247 3181 2422 3236 durch
2442 3183 2536 3238 die
2559 3180 2770 3237 Gleieh·

1664 3253 1786 3307 heit
1835 3254 1934 3307 der
1978 3252 2163 3308 Form.
2247 3252 2514 3323 Zugleich
2561 3253 2685 3307 tritt
2715 3249 2770 3303 in

1665 3325 1791 3379 dem
1831 3322 2525 3394 Prapositionalausdruck
2575 3327 2632 3391 (a
2673 3323 2764 3388 me)

1663 3393 1755 3448 die
1790 3393 2111 3449 handelnde
2138 3394 2346 3450 Person
2373 3396 2535 3450 mehr
2561 3395 2766 3455 hervor,

1661 3466 1746 3519 als
1781 3466 1840 3519 in
1879 3465 2007 3520 dem
2046 3466 2212 3521 Dativ
2251 3465 2450 3534 (mihi),
2489 3465 2591 3520 der
2622 3465 2768 3518 sonst

1700 3535 2014 3592 ewohnlich
2061 3536 2215 3591 beim
2263 3535 2607 3591 Gerundium
2652 3532 2762 3588 sich

1737 3609 1845 3662 det.
1887 3637 1952 3648 -
1994 3607 2083 3662 Tu
2125 3624 2180 3662 es
2215 3608 2381 3679 euim]
2420 3606 2519 3662 der
2558 3608 2762 3675 Gegen·

1660 3682 1777 3733 satz
1824 3678 1969 3747 folgt
2014 3683 2046 3743 5
2097 3685 2188 3732 12:
2233 3678 2290 3732 A
2336 3695 2418 3732 me
2464 3684 2655 3733 autern.
2700 3702 2760 3713 --

1658 3750 1809 3804 laud.
1846 3751 1912 3803 in
1946 3749 2162 3821 senatu]
2209 3749 2302 3804 bei
2338 3750 2446 3803 den
2482 3742 2760 3804 Verhand·

1657 3820 1865 3888 lungen
1904 3820 2043 3874 iiber
2080 3821 2170 3875 die
2198 3820 2643 3887 Verschworung
2668 3817 2760 3869 des

1660 3890 1918 3947 Catilina.
1975 3921 2043 3931 —
2098 3893 2164 3946 in
2228 3891 2597 3962 contionibus]
2647 3887 2760 3940 Den

1656 3961 1971 4017 Ehrentitel
2017 3967 2181 4032 pater
2365 3962 2376 3974 ⁶

1659 4032 1892 4088 Catulus
1957 4032 2075 4087 ihm
2139 4034 2216 4087 im
2273 4032 2446 4087 Senat
2499 4031 2761 4103 gegeben,

1654 4102 2016 4159 wiederholte
2036 4104 2172 4159 Cato
2200 4103 2301 4158 auf
2314 4104 2441 4159 dem
2457 4103 2675 4160 Forum.
2691 4126 2755 4139 --

1653 4176 1812 4230 cuius
1856 4191 1950 4246 eqo
1986 4176 2214 4246 semper]
2263 4175 2338 4230 ist
2380 4176 2503 4229 dem
2542 4173 2754 4230 vorher-

1653 4246 1944 4316 gehenden
1982 4247 2359 4302 Relativsatze
2402 4246 2563 4301 nicht
2603 4246 2755 4299 koor·

1655 4317 1884 4384 diniert,
1924 4319 2165 4372 sondern
2201 4319 2300 4373 der
2337 4316 2473 4370 Sinn
2507 4317 2606 4371 ist:
2649 4310 2753 4367 und

1655 4388 1757 4444 das
1783 4389 1916 4443 hast
1952 4389 2029 4443 du
2063 4389 2300 4459 gethan,
2338 4389 2536 4442 dessen
2565 4431 2576 4443 .
2609 4429 2622 4443 .
2650 4426 2662 4439 .
2689 4409 2751 4422 --

2447 4003 2465 4029 ,
2519 3959 2759 4016 welchen
