3000 4917
1175 198 1563 253 TERENTIA.
2452 200 2492 266 3
2505 202 2533 264 l

1087 413 1438 481 EPISTULA
1485 413 1632 478 VII.

1080 533 1189 605 (Ad
1226 535 1357 590 fam.
1397 534 1546 591 XIV.
1588 537 1660 626 7.)
1775 561 1782 582 ι

562 635 866 715 TULmus
900 657 1319 714 TERENTIAE
1361 659 1547 714 suAE
1588 659 1739 714 SAL.
1777 659 2182 716 PLURIMAM.

367 783 615 851 Omnes
670 786 1003 851 molestias
1061 789 1126 850 et
1182 785 1650 851 sollicitudines
1660 836 1678 869 ,
1734 787 1968 871 quibus
2027 790 2092 852 et
2144 792 2208 852 te
2255 789 2537 853 miserri-
2578 788 2613 852 1

192 896 359 939 mam
420 876 651 958 habui,
705 874 771 938 id
827 875 998 959 quod
1052 875 1217 939 mihi
1271 875 1804 940 molestissimum
1859 879 1987 960 est,
2043 880 2108 940 et
2163 876 2539 961 Tulliolam,

195 985 354 1048 quae
420 964 613 1028 nobis
676 967 902 1028 nostra
965 964 1101 1028 vita
1157 963 1406 1028 dulcior
1461 966 1585 1047 est,
1650 964 1917 1049 deposui
1969 964 2038 1029 'et
2093 965 2267 1030 eieci.
2372 964 2540 1041 Quid

194 1074 420 1116 causae
471 1055 690 1117 autem
735 1052 949 1135 fuerit,
996 1052 1312 1136 postridie
1349 1052 1660 1134 intellexi,
1710 1074 1905 1137 quam
1938 1052 1983 1117 ‘a
2018 1054 2203 1117 vobis
2242 1054 2539 1119 discessi:

193 1137 394 1225 χολὴν
455 1135 747 1224 ἄκρατον
802 1145 998 1205 noctu
1054 1140 1236 1225 eieci3
1292 1140 1517 1205 statim
1573 1142 1667 1204 ita
1724 1162 1866 1205 sum
1922 1141 2201 1225 levatus,
2257 1146 2332 1207 ut
2376 1142 2540 1207 mihi

194 1230 340 1294 deus
398 1231 641 1316 aliquis
701 1230 1086 1294 medicinam
1141 1230 1369 1294 fecisse
1425 1230 1748 1313 videatur3
1804 1229 1907 1295 cui
1963 1230 2225 1315 quidem
2281 1235 2353 1295 tu
2401 1232 2539 1313 de0‚

195 1340 378 1403 quem
428 1319 514 1383 ad
561 1319 823 1383 modum
872 1320 1059 1401 soleS,
1103 1319 1209 1404 pie
1255 1322 1320 1383 et
1358 1322 1535 1383 caste
1574 1318 1934 1383 satisfacies
1977 1319 2068 1399 [id
2108 1324 2209 1383 est
2245 1320 2540 1404 Apollini

196 1410 257 1471 et
317 1408 759 1492 Aesculapio}
860 1406 1108 1472 Navem
1175 1428 1362 1492 spero
1427 1429 1547 1471 nos
1601 1408 1785 1471 valde
1843 1408 2082 1472 bonam
2138 1408 2402 1493 habere3
2467 1409 2538 1473 in
2574 1406 2618 1472 2

195 1516 325 1560 eam
386 1497 780 1580 simulatque
838 1496 1204 1576 conscendi,
1261 1496 1421 1559 haec
1478 1496 1725 1579 scripsi.
1826 1495 2075 1561 Deinde
2131 1498 2537 1562 conscribam

196 1585 271 1648 ad
315 1589 578 1650 nostros
625 1585 974 1649 familiares
1022 1586 1261 1649 multas
1309 1586 1640 1669 epistulae,
1686 1585 1918 1669 quibus
1965 1591 2030 1648 te
2076 1591 2141 1650 et
2188 1585 2539 1651 Tulliolam

195 1678 481 1738 nostram
560 1673 1058 1758 diligentissime
1131 1674 1618 1738 commendabo.
1728 1671 2121 1739 Cohortarer
2193 1696 2335 1759 vos,
2409 1696 2536 1761 quo

200 1763 406 1828 animo
482 1761 752 1827 fortiore
826 1762 1083 1844 essetis,
1154 1762 1282 1826 nisi
1345 1784 1461 1826 vos
1526 1762 1826 1827 fortiores
1891 1783 2275 1847 cognossem
2342 1785 2537 1848 quam

200 1872 581 1934 quemquam
636 1851 875 1933 virum3
933 1856 1000 1915 et
1051 1854 1273 1915 tamen
1329 1850 1645 1915 eiusmodi
1693 1872 1882 1936 spero
1929 1851 2193 1937 negotia
2239 1874 2408 1936 esse,
2462 1855 2537 1916 ut

199 1943 257 2002 et
307 1962 421 2004 vos
476 1940 631 2004 istic
686 1939 1202 2004 commodissime
1250 1959 1499 2024 sperem
1547 1961 1686 2004 esse
1734 1944 1799 2005 et
1847 1962 1950 2004 me
1997 1941 2341 2024 aliquando
2391 1963 2537 2006 cum

200 2028 514 2093 similibus
570 2030 780 2093 nostri
837 2050 972 2092 rem
1031 2028 1360 2113 publicam
1414 2027 1807 2093 defensuros
1900 2029 1998 2094 Tu
2043 2031 2322 2114 primum
2370 2032 2537 2095 vale-
2572 2028 2615 2094 3

202 2115 476 2182 tudinem
528 2121 709 2181 tuam
757 2117 950 2181 velim
998 2138 1206 2200 cures3
1268 2117 1521 2202 deinde,
1566 2118 1688 2182 tibi
1735 2118 1793 2181 si
1837 2118 2188 2203 videbitur,
2234 2119 2407 2183 villis
2453 2120 2535 2183 iis

201 2208 393 2284 utere,
449 2228 617 2292 quae
671 2206 1051 2290 longissime
1105 2207 1385 2271 aberunt
1441 2229 1479 2271 a
1526 2206 1864 2272 militibus,
1956 2206 2182 2271 Fundo
2228 2207 2535 2291 Arpinati

201 2292 349 2358 bene
401 2296 653 2379 poteris
707 2296 804 2359 uti
850 2316 993 2359 cum
1038 2294 1290 2359 familia
1334 2296 1607 2378 urbana,
1664 2296 1718 2359 si
1765 2317 2023 2360 annona
2069 2295 2278 2361 carior
2321 2296 2536 2360 fuerit.

201 2378 411 2447 Cicero
466 2384 862 2449 bellissimus
916 2383 1040 2447 tibi
1092 2385 1368 2449 salutem
1411 2384 1759 2468 plurimam
1807 2384 1978 2448 dicit.
2071 2383 2292 2448 Etiam
2341 2388 2534 2469 atque

202 2472 383 2536 etiam
428 2474 594 2539 vale.
631 2542 653 2550 ,
685 2472 763 2537 D.
790 2490 921 2537 VII.
968 2471 1120 2537 Idus
1168 2473 1309 2537 Iun.
1893 2472 1902 2479 ’

263 2662 433 2718 Ems'r.
472 2664 595 2718 VII.
674 2668 816 2733 (705.
854 2666 964 2734 49.)
1040 2663 1159 2718 Scit
1195 2668 1306 2718 An-

200 2732 326 2804 fang
366 2735 617 2790 Februar
672 2736 832 2789 hatte
876 2735 999 2789 sich
1045 2733 1310 2789 Terentia

202 2804 296 2859 mit
326 2805 540 2872 Tullia,
590 2806 690 2861 der
725 2805 1048 2875 Einladung
1084 2804 1308 2861 Ciceros

202 2873 437 2947 folgend,
467 2876 643 2931 meist
667 2877 770 2931 auf
783 2877 908 2931 dem
930 2876 1307 2945 Formianum,

203 2949 376 3015 opiter
431 2948 540 3003 auf
587 2950 715 3003 dem
763 2946 906 3029 Gnte
956 2946 1051 3002 bei
1100 2947 1307 3031 Cumae

199 3017 613 3145 {awa
630 3018 1309 3145 sesamam&

203 3160 328 3213 letzt
363 3161 482 3215 sah.
549 3159 657 3214 Am
695 3168 744 3216 7.
772 3161 905 3215 Juni
939 3159 1069 3215 fuhr
1104 3178 1166 3215 er
1202 3162 1309 3216 mit

201 3232 397 3286 seinem
470 3232 625 3288 Sohn
709 3249 821 3286 von
895 3230 1092 3302 Caieta
1161 3234 1306 3287 nach

205 3300 606 3358 Griechenland
635 3305 707 3358 ab
733 3304 849 3357 und
876 3303 1095 3357 schrieb
1115 3303 1309 3357 diesen

202 3368 346 3427 Brief
375 3391 467 3430 am
494 3374 645 3429 Bord
684 3374 783 3428 des
812 3372 1072 3442 Schiffes,
1110 3375 1211 3428 das
1248 3391 1310 3428 er

196 3438 373 3497 krank
407 3446 703 3514 bestiegen
738 3446 913 3499 hatte.

266 3519 310 3567 1.
359 3517 718 3571 miserrimam
779 3516 976 3587 habui]
1038 3516 1170 3599 dicb
1235 3533 1298 3571 so

200 3587 942 3725 ffissffieffisssshlssarffffiss
972 3590 1302 3722 3:352?ss

201 3723 286 3779 VI.
322 3734 370 3783 2.
408 3735 466 3784 8:
512 3730 786 3785 inclusum
830 3731 894 3783 in
939 3731 1102 3783 cwria
1147 3745 1299 3784 sena-

201 3800 306 3851 tum
355 3800 711 3869 habuerwnt),
765 3819 861 3854 um
899 3800 1135 3854 Eintritt
1188 3801 1302 3854 und

201 3863 373 3923 Dauer
405 3870 557 3926 eines
586 3874 737 3940 (vom
766 3871 1034 3941 SubJekte
1063 3870 1300 3926 bewirk-

205 3938 310 4007 ten)
339 3940 643 3997 Zustandes
683 3961 753 3997 zu
787 3941 1143 3997 bezeichnen.
1181 3942 1298 3996 Att.

203 4006 334 4064 XVI.
380 4019 427 4067 1.
467 4019 524 4069 3:
578 4030 728 4069 mare
780 4015 1037 4081 infestmn
1081 4014 1301 4068 habere:

204 4077 294 4134 das
357 4082 511 4137 Mser
580 4084 843 4139 unsicher
914 4084 1165 4139 macheu.
1235 4116 1299 4125 -

204 4152 513 4234 medicinam
567 4156 795 4279 fecisseL'
832 4154 925 4209 die
955 4155 1076 4235 ‘mit
1124 4157 1303 4223 facere

206 4235 251 4273 u.
280 4237 455 4278 omem
483 4223 757 4281 Verbalsu
798 4229 1010 4281 stantiv
1045 4243 1141 4280 zur
1168 4226 1302 4280 Um-

207 4292 527 4365 schreibung
592 4296 742 4351 eines
799 4297 1072 4352 Verbums
1127 4298 1303 4367 gebil-

210 4360 363 4418 deten
388 4364 711 4422 Ausdrficke
748 4370 839 4437 (an
874 4383 1100 4423 unserer
1128 4368 1304 4424 Stelle

1413 2661 1727 2719 veranlafst
1782 2662 1956 2716 durch
2015 2662 2117 2717 das
2167 2660 2381 2716 Fehlen
2436 2663 2535 2718 des

1414 2733 1560 2787 Perf.
1578 2749 1691 2789 von
1708 2735 1928 2802 mederi)
1948 2734 2192 2801 gehoren
2215 2734 2315 2787 der
2332 2733 2533 2789 Volks·

1416 2807 1650 2875 sprache
1679 2823 1768 2860 an.
1788 2804 1901 2873 vgl.
1922 2804 2014 2861 IV.
2037 2810 2087 2860 5.
2109 2811 2167 2858 3:
2204 2806 2532 2873 yratalatio·

1413 2894 1537 2931 nem
1581 2879 1772 2941 facere.
1812 2878 1912 2930 das
1960 2877 2156 2931 Passiv
2193 2875 2261 2929 H.
2303 2882 2351 2931 2.
2391 2884 2441 2931 3.
2481 2894 2533 2932 u.

1416 2947 1512 3002 III.
1552 2954 1637 3002 22.
1676 2952 1727 3000 1.
1767 2978 1833 2987 -
1871 2947 2181 3015 satisfacies
2246 2948 2323 3000 im
2365 2948 2534 3003 Sinne

1414 3035 1527 3074 von
1563 3018 1776 3089 gratias
1812 3034 1997 3087 agere.
2071 3016 2159 3071 Da
2184 3035 2209 3071 s
2247 3017 2367 3074 Ter.
2410 3020 2534 3074 eine

1414 3091 1648 3145 fromme
1677 3088 2013 3144 Verehrerin
2041 3089 2142 3143 der
2171 3088 2373 3145 Gotter
2400 3108 2534 3159 war,

1416 3164 1544 3230 sagt
1558 3160 1668 3215 Cic.
1684 3162 1725 3216 Ι.
1744 3166 1794 3214 1.
1816 3166 1873 3214 1:
1893 3163 2152 3230 quoniam
2171 3178 2340 3230 neque
2360 3164 2421 3217 di
2438 3168 2530 3216 etc.

1486 3238 1537 3287 2.
1574 3248 1731 3301 spero
1777 3247 1879 3286 ‘nos
1921 3232 2138 3304 habere]
2184 3250 2395 3286 warum
2430 3232 2532 3286 Inf.

1414 3305 1638 3358 Praes.·?
1675 3301 1791 3372 vgl.
1817 3303 1956 3372 sogl.
1976 3319 2099 3357 esse.
2122 3334 2190 3343 —
2210 3303 2293 3357 Et
2326 3303 2531 3373 tamen]

1415 3373 1562 3429 auch
1607 3375 1683 3428 im
1722 3374 2045 3427 Deutschen
2090 3372 2287 3427 fabren
2335 3375 2437 3428 wir
2473 3373 2534 3427 in

1415 3444 1636 3500 solcher
1676 3445 1834 3498 losen
1872 3443 2533 3514 Gedankenverbindung

1407 3517 1516 3572 mit
1541 3516 1673 3570 und
1703 3516 1877 3570 doch
1905 3515 2042 3569 fort:
2071 3516 2189 3570 und
2217 3532 2380 3569 wenn
2404 3515 2532 3569 dem

1408 3587 1554 3643 auch
1589 3587 1750 3642 nicht
1787 3601 1849 3640 so
1888 3590 2067 3653 ware,
2105 3604 2166 3642 so
2197 3586 2402 3656 glaube
2439 3587 2532 3639 ich

1408 3659 1579 3725 doch,
1641 3657 1764 3712 dals
1813 3657 1903 3711 die
1951 3656 2171 3713 Sachen
2215 3673 2277 3712 so
2328 3655 2401 3712 lie
2444 3674 2530 3725 en,

1409 3729 1532 3783 dass
1567 3730 1662 3783 ich
1696 3727 1885 3783 hoffen
1923 3728 2053 3783 darf
2081 3747 2134 3784 u.
2173 3747 2215 3783 s.
2252 3746 2320 3783 w.
2446 3729 2522 3797 gl.

1408 3800 1505 3854 ΙΙΙ.
1557 3807 1638 3855 14.
1689 3807 1738 3855 3.
1777 3830 1844 3840 -
1884 3816 2013 3854 com.
2052 3800 2184 3870 esse]
2225 3816 2266 3853 s.
2306 3818 2350 3854 z.
2390 3805 2439 3853 4.
2465 3805 2528 3855 ,3.

1393 3902 1477 3930 .-
1499 3872 1774 3927 similibus
1790 3870 1873 3941 w]
1903 3869 2555 3940 Gesinnungsgenossen‘

1409 3943 1524 3995 und
1561 3941 1860 4010 politische
1898 3941 2166 3997 F1eunde.

1480 4019 1529 4069 3.
1564 4012 1770 4067 Fando
1799 4012 1965 4083 Arp.]
2005 4013 2106 4068 das
2134 4011 2530 4082 Arpinatische

1407 4083 1688 4153 Landgut‚
1720 4082 1943 4137 Ciceros
1962 4084 2401 4149 Geburtsstatte‚
2431 4082 2532 4153 lag

1410 4171 1500 4209 am
1538 4152 1698 4209 Liris.
1731 4185 1795 4194 —
1825 4155 1876 4208 si
1908 4171 2040 4209 awn.
2071 4155 2278 4226 carior]
2315 4153 2531 4223 infulge

1409 4226 1508 4281 des
1562 4224 1796 4295 Krieges
1851 4226 1965 4278 und
2022 4227 2121 4280 der
2165 4225 2529 4296 Absperrung

1411 4298 1510 4352 der
1546 4298 1868 4352 Provinzen.
1909 4327 1977 4336 -
2019 4296 2129 4352 Gis.
2169 4298 2391 4369 belliss]
2435 4295 2526 4350 fib.

1413 4368 1566 4422 diese
1605 4366 1970 4437 Verbindung
2008 4387 2050 4423 s.
2089 4387 2135 4425 z.
2176 4374 2224 4423 5.
2267 4376 2312 4421 1.
