3000 4917
1060 227 1123 281 T.
1163 224 1582 281 POMPONIUS
1619 224 1944 281 ATTIOUS.
2588 225 2671 290 87

321 390 446 456 ‘sed
505 393 716 456 totum
774 393 874 454 est
927 390 995 454 in
1054 412 1157 472 eo,
1214 389 1268 453 si
1319 390 1505 471 ante,
1561 409 1755 471 quam
1809 388 1919 453 ille
1974 388 2148 453 ineat
2193 388 2669 473 magistratum.

325 479 522 560 Puto,
571 478 950 562 Pompeium
988 476 1224 543 Crasso
1271 479 1559 561 urgente,
1606 477 1662 540 si
1705 480 1778 540 tu
1825 476 2054 561 aderiS‚
2101 477 2209 561 qui
2252 499 2367 561 per
2414 481 2671 562 βοῶπιν

333 591 413 633 ex
449 568 592 653 ipso
625 568 1007 652 intellegere
1042 567 1274 651 possis,
1321 588 1451 649 qua
1483 564 1610 629 fide
1648 565 1730 628 ab
1767 565 1898 629 illis
1934 570 2186 650 agatur,
2220 588 2345 631 nos
2383 573 2498 632 aut
2532 568 2671 633 sine

333 657 633 722 molestia
691 660 804 720 aut
863 660 1032 721 certe
1094 657 1232 720 sine
1292 675 1504 718 errore
1565 653 1834 719 futuros.
1940 654 2246 720 Precibus
2305 656 2549 720 nostris
2607 661 2673 721 et

216 757 219 761 ’
326 745 779 810 cohortatione
840 766 974 809 non
1031 745 1308 829 indiges3
1371 742 1526 827 quid
1585 763 1729 806 mea
1787 742 2122 827 voluntas,
2180 744 2334 828 quid
2394 749 2671 830 tempus,

333 834 488 918 quid
536 834 631 897 rei
677 833 1053 918 magnitudo
1101 834 1415 917 postulet,
1459 831 1810 915 intellegis.

509 921 608 986 De
662 944 730 986 re
787 922 1044 1005 publica
1098 922 1263 985 nihil
1318 921 1526 985 habeo
1575 918 1656 983 ad
1701 923 1766 984 te
1814 920 2120 1005 scribere,
2173 921 2302 986 nisi
2348 943 2668 986 summum
2691 929 2731 993 6

333 1011 552 1075 odium
601 1011 890 1075 omnium
932 1011 1268 1076 hominum
1314 1011 1382 1074 in
1428 1030 1556 1093 eos,
1594 1008 1704 1092 qui
1739 1012 1964 1073 tenent
2001 1010 2243 1094 omnia;
2289 1012 2667 1075 mutationis

329 1104 553 1165 tamen
622 1121 769 1184 spes
831 1100 1031 1171 nulla.
1140 1096 1293 1181 Sed,
1357 1096 1527 1183 quod
1589 1096 1780 1162 facile
1843 1098 2116 1177 sentias,
2179 1098 2396 1163 taedet
2455 1099 2670 1182 ipsum

329 1188 718 1272 Pompeium
756 1188 1293 1272 vehementerque
1329 1187 1632 1271 paenitet.
1721 1185 1870 1251 Non
1907 1186 2213 1271 provideo
2254 1188 2432 1265 satis,
2479 1209 2670 1271 quem

322 1278 572 1347 exitum
611 1276 903 1342 futurum
940 1281 1190 1361 putem3
1229 1276 1342 1340 sed
1380 1280 1552 1340 certe
1580 1274 1882 1339 videntur
1907 1277 2068 1340 haec
2097 1275 2312 1359 aliquo
2345 1282 2666 1361 eruptura.

507 1362 738 1430 Libros
777 1365 1148 1442 Alexandri,
1197 1364 1602 1450 neglegentis
1640 1363 1922 1429 hominis
1960 1369 2025 1428 et
2059 1386 2192 1429 non
2229 1365 2384 1429 boni
2419 1369 2670 1449 poetae,
2691 1372 2727 1437 7

328 1454 445 1518 sed
496 1457 717 1519 tamen
770 1476 901 1519 non
963 1453 1241 1534 inutilis,
1302 1453 1424 1518 tibi
1477 1452 1716 1517 remisi.
1816 1452 2200 1518 Numerium
2255 1452 2668 1518 Numestium

328 1543 609 1607 libenter
656 1544 874 1627 accepi
918 1544 990 1608 in
1038 1543 1389 1607 amicitiam
1436 1545 1501 1606 et
1545 1541 1873 1605 hominem
1921 1562 2183 1627 gravem
2221 1546 2287 1606 et
2321 1543 2666 1626 pudentem

317 1635 400 1696 et
448 1632 715 1717 dignum
758 1636 875 1696 tua
921 1631 1477 1697 commendatione
1517 1629 1812 1715 cognovi.

1253 1843 1611 1909 EPISTULA
1666 1840 1754 1911 II.

1259 1966 1372 2034 (Ad
1400 1966 1518 2020 Aa.
1547 1964 1613 2019 11.
1644 1965 1753 2033 23).

1128 2070 1390 2126 CICERO
1428 2070 1690 2130 ATTICO
1733 2070 1880 2125 SAL.

505 2182 856 2267 Nunquam
908 2184 1056 2245 ante
1103 2182 1390 2246 'arbitror
1445 2186 1512 2246 te
1568 2180 1912 2265 epistulam
1969 2202 2176 2245 meam
2224 2181 2483 2266 legisse,
2539 2182 2666 2246 nisi
2690 2189 2725 2252 1

322 2292 476 2356 mea
527 2294 720 2336 manu
780 2271 1117 2354 scriptam:
1174 2292 1251 2334 ex
1316 2292 1391 2335 eo
1440 2270 1745 2354 colligere
1791 2269 2060 2354 poteriS‚
2107 2273 2352 2353 quanta
2397 2290 2667 2354 occupa-

328 2362 505 2424 tione
571 2360 907 2442 distinear3
973 2382 1126 2424 nam
1191 2380 1334 2423 cum
1400 2360 1586 2424 vacui
1643 2359 1954 2441 temporis
2013 2357 2177 2422 nihil
2233 2358 2543 2423 haberem
2603 2362 2667 2423 et

325 2470 494 2512 -cum-
538 2448 919 2514 recreandae
984 2449 1249 2513 voculae
1314 2469 1509 2513 causa
1563 2469 1824 2511 necesse
1880 2449 2049 2510 esset
2104 2445 2264 2510 mihi
2321 2446 2669 2529 ambulare,

332 2537 495 2601 haec
542 2537 782 2602 dictavi
830 2537 1187 2600 ambulans.

332 2691 689 2763 abhangigen
713 2691 1227 2763 Bedingungssatze
1265 2692 1371 2746 wie
1399 2690 1441 2747 1.

329 2768 419 2815 24.
474 2768 525 2816 2.
578 2794 643 2803 —
700 2764 870 2830 Pata,
927 2763 1268 2834 Pompeiam]
1326 2762 1439 2817 Cic.

337 2832 639 2901 ffirchtete‚
696 2834 818 2889 dass
864 2832 1116 2904 Crassus,
1170 2834 1268 2890 der
1324 2834 1443 2888 sein

329 2903 651 2959 -erbitterter
688 2904 908 2976 Gegner
952 2922 1095 2973 war,
1134 2906 1242 2959 den
1279 2904 1441 2960 Pom-

336 2974 493 3043 pejus
572 2995 635 3030 zu
717 2974 1088 3045 feindseligen
1160 2976 1439 3031 Schritten

335 3045 580 3116 drangen
647 3046 847 3102 werde.

329 3114 539 3184 Cicero,
577 3119 766 3173 wfirde
803 3119 953 3172 daun
990 3118 1165 3173 durch
1195 3120 1294 3173 des
1324 3117 1444 3172 Clo-

334 3187 458 3243 dius
512 3188 822 3244 Schwester
891 3189 1114 3260 Clodia,
1171 3190 1269 3245 der
1321 3189 1445 3243 hier

327 3260 445 3313 und
479 3261 537 3313 in
574 3261 820 3315 anderen
909 3260 1085 3315 riefen
1115 3261 1214 3314 das
1242 3261 1443 3315 Home-

327 3330 507 3386 rische
555 3331 800 3387 Beiwort
854 3332 953 3386 der
997 3332 1135 3386 Iuno
1189 3332 1444 3401 gegeben

325 3400 487 3472 wird)
537 3420 647 3457 von
697 3402 909 3457 diesem
961 3402 1140 3457 selbst
1185 3402 1443 3466 erfahren

325 3472 572 3542 konnen,
622 3473 695 3527 ob
743 3491 874 3529 man
922 3473 1089 3529 keine
1124 3473 1442 3543 Treulosig-

322 3542 444 3668 hel?
491 3562 603 3599 von
648 3544 949 3616 Pompejus
995 3563 1062 3599 zu
1109 3544 1441 3600 beffirchten

364 3631 399 3669 a
440 3632 485 3671 e.

395 3691 443 3741 6.
465 3688 611 3757 qaod
628 3688 794 3754 facile
806 3687 1035 3758 sentias]
1051 3687 1271 3743 Ebenso
1293 3687 1444 3741 steht

322 3756 420 3810 der
469 3757 778 3828 Konjunkt.
835 3759 942 3814 mit
995 3759 1140 3828 qaod
1193 3758 1251 3812 in
1299 3756 1443 3811 Zwi-

321 3828 687 3884 schensatzen
721 3830 801 3884 im
838 3830 970 3899 folg.
1004 3831 1091 3884 Br.
1130 3834 1162 3895 5
1199 3835 1231 3883 3
1260 3848 1313 3884 11.
1343 3828 1436 3883 ΠΙ.

320 3904 405 3953 31.
454 3906 516 3954 4:
564 3902 712 3970 quod
754 3902 922 3968 facile
965 3906 1236 3970 appareat
1279 3899 1439 3953 nicht

316 3968 376 4023 in
414 3971 937 4025 beschr'ankendem
975 3971 1160 4039 Sinne,
1200 3970 1439 4025 sondern

319 4040 433 4095 fast
475 4043 537 4096 in
586 4043 715 4096 dem
754 4042 923 4097 Sinne
963 4041 1119 4097 einer
1155 4040 1329 4111 Folge
1369 4066 1435 4086 =

319 4112 402 4165 ita
456 4118 535 4167 ut.
629 4112 713 4168 De
768 4130 846 4168 or.
902 4113 943 4169 I.
1001 4119 1082 4168 10.
1135 4117 1232 4166 402
1288 4117 1439 4166 aetas

318 4189 523 4251 nostra,
561 4186 708 4253 quod
732 4186 1009 4239 interdum
1032 4185 1257 4252 pudeat,
1296 4184 1442 4238 ivm-is

317 4254 521 4323 ignara
548 4261 642 4310 est.
676 4286 736 4295 —-
768 4256 944 4310 taedet
997 4254 1169 4309 naml.
1199 4255 1299 4307 der
1325 4254 1437 4307 ein-

319 4340 686 4396 gegangenen
723 4324 934 4381 Verbin
977 4342 1106 4394 ung.
1146 4356 1214 4366 —
1253 4326 1439 4394 aliquo

318 4397 611 4468 eruptura]
652 4397 751 4451 der
788 4395 927 4452 Sinn
961 4397 1061 4451 ist:
1118 4396 1220 4450 Die
1257 4395 1437 4451 Sache

952 3048 1173 3102 Atticus
1186 3089 1200 3115 ‚
1269 3048 1446 3101 meint
1473 3096 1486 3104 .

1553 2691 1694 2746 wird
1757 2690 1958 2745 keinen
2012 2688 2346 2744 friedlichen
2400 2688 2667 2759 Ausgang

1550 2764 1762 2831 haben,
1811 2762 2048 2815 sondern
2094 2760 2239 2815 nach
2275 2760 2475 2831 irgend
2512 2762 2666 2816 einer

1553 2832 1706 2888 Seite
1750 2852 1816 2887 zu
1864 2833 2041 2886 einem
2085 2833 2487 2903 gewaltsamen
2524 2834 2668 2888 Aus-

1550 2904 1758 2959 bruche
1781 2903 2058 2958 kommen.
2095 2903 2211 2958 Att.
2246 2903 2312 2958 II.
2333 2910 2418 2959 20.
2442 2909 2489 2958 5.
2531 2904 2669 2975 (Juli

1552 2978 1673 3045 59):
1704 2977 1858 3031 Haec
1884 2991 1991 3045 qao
2016 2978 2129 3031 sint
2162 2981 2455 3044 eruptura,
2492 2979 2665 3032 timeo,

1626 3054 1674 3102 7.
1724 3047 2061 3118 Alexandri]
2116 3045 2332 3116 Cicer0,
2392 3047 2490 3102 der
2544 3048 2664 3103 sich

1552 3117 1769 3174 damals
1842 3117 1949 3173 mit
2020 3119 2502 3187 geographischen
2567 3118 2667 3173 Ar-

1550 3189 1742 3245 beiten
1777 3189 2171 3257 beschaftith
2210 3190 2369 3244 hatte
2407 3189 2525 3243 sich
2553 3206 2667 3245 von

1550 3262 1771 3316 Atticus
1809 3258 1901 3315 die
1935 3261 1995 3314 in
2020 3258 2233 3314 Versen
2271 3260 2667 3328 geschriebene

1550 3332 1995 3402 Kosmographie
2045 3331 2143 3385 des
2190 3330 2507 3384 Alexander
2555 3347 2667 3385 von

1551 3403 1799 3472 Ephesus
1833 3401 2189 3473 ausgebeten.
2230 3431 2298 3440 -—
2336 3400 2664 3455 Numeriam

1549 3474 1744 3545 Num]
1787 3474 1907 3527 Wir
1944 3473 2144 3526 wissen
2179 3488 2289 3526 von
2317 3470 2437 3525 ihm
2463 3471 2666 3540 nichts‚

1550 3544 1635 3599 als
1705 3545 1828 3599 dass
1892 3544 2112 3598 Atticus
2175 3543 2275 3597 ihn
2339 3541 2662 3611 empfohlen

1550 3618 1726 3671 hatte.

1622 3687 1799 3742 Emer.
1837 3686 1902 3740 II.
1943 3689 2086 3757 (695.
2127 3686 2236 3755 59.)
2275 3686 2385 3740 Der
2414 3684 2569 3738 Brief
2593 3684 2669 3739 ist

1550 3760 1629 3812 im
1677 3757 1899 3829 August
1948 3757 2311 3825 geschrieben
2364 3756 2477 3809 und
2526 3756 2665 3808 {thn-

1545 3828 1734 3883 lichen
1795 3827 2010 3882 Inhalts
2083 3827 2188 3881 wie
2260 3827 2363 3880 der
2434 3828 2665 3881 vorher-

1546 3899 1814 3969 gehende.

1544 3976 1715 4094 ..3311
1750 3968 2130 4094 ‘'vfffldgffiss‘fil
2201 3967 2658 4104 ἒθέθίέἰέἓὲἕὲι·

1547 4126 1663 4164 vor.
1720 4110 1810 4164 Br.
1871 4115 1902 4176 ἓ
1957 4117 2006 4165 3.
2074 4140 2138 4149 -
2203 4110 2448 4181 voculae]
2514 4112 2693 4174 fiber,

1549 4181 1601 4235 d.
1659 4180 1980 4236 Deminutiv
2045 4199 2087 4236 s.
2160 4199 2228 4235 zu
2285 4181 2325 4236 Ι.
2378 4190 2422 4237 κ.
2471 4190 2519 4240 3.
2595 4214 2663 4226 -

1547 4253 1849 4324 ambulare]
1892 4252 1982 4307 die
2020 4252 2321 4308 ambulatio
2357 4255 2545 4309 wurde
2575 4256 2660 4310 als

1545 4322 1734 4378 Mittel
1779 4343 1874 4378 zur
1910 4324 2249 4394 Kraftigung
2293 4323 2393 4379 der
2430 4324 2664 4381 Stimme

1546 4394 1882 4465 empfohlen.
