3000 4917
471 252 606 319 242
1254 250 1390 307 LIB.
1426 250 1523 307 IV.
1575 248 1801 305 EPIsT.
1840 255 1924 306 21.
1963 255 2049 305 22.

474 420 611 498 tur,
664 418 740 478 ut
792 413 861 477 in
914 412 1254 497 pecuniam
1310 412 1741 483 adulescentis
1787 413 2104 496 impetum
2147 411 2419 496 faceret3
2475 412 2823 496 prudentes
2932 452 2941 465 ·

476 507 694 569 autem
741 505 808 567 et
852 502 1005 566 boni
1052 501 1178 566 viri
1225 504 1292 565 et
1337 500 1607 565 credunt
1651 500 1898 566 factum
1946 505 2012 564 et
2053 500 2357 583 probant.
2431 499 2596 576 Quid
2635 523 2824 585 quae-

474 591 613 656 ris?
670 610 913 675 magna
967 611 1114 675 spes
1171 592 1272 654 est
1324 589 1394 653 in
1449 611 1555 653 eo:
1611 589 1778 654 nihil
1835 593 1961 672 est,
2018 589 2189 673 quod
2243 611 2376 653 non
2422 589 2826 655 existimetur

475 679 686 744 laudis
752 684 819 743 et
881 679 1129 764 gloriae
1194 699 1390 743 causa
1463 677 1776 742 facturus.
1878 678 2205 742 Antonius
2281 681 2527 762 autem,
2600 682 2827 743 noster

475 768 847 850 familiaris,
900 770 1088 831 tanto
1136 788 1204 830 se
1252 766 1399 830 odio
1446 787 1588 830 esse
1633 767 1985 852 intellegit,
2030 769 2132 849 ut,
2184 788 2330 831 cum
2376 766 2825 832 interfectores

476 879 630 922 suos
687 856 864 920 domi
918 855 1501 938 comprehenderit,
1561 875 1701 919 rem
1752 855 2043 938 proferre
2097 876 2232 918 non
2289 855 2541 918 audeat.
2636 855 2717 920 A.
2774 856 2829 919 d.

476 962 595 1011 VII.
647 943 741 1010 Id.
799 943 937 1010 Oct.
1038 943 1459 1007 Brundisium
1525 948 1665 1007 erat
1730 943 2058 1026 profectus
2124 941 2385 1008 obviam
2449 942 2827 1028 legionibus
2944 976 2945 981 ¹

474 1033 908 1098 Macedonicis
965 1035 1301 1116 quattuor,
1359 1053 1519 1116 quas
1579 1031 1704 1095 sibi
1757 1031 2105 1096 conciliare
2160 1031 2436 1115 pecunia
2492 1032 2832 1115 cogitabat

476 1143 712 1207 easque
760 1121 841 1185 ad
887 1121 1115 1186 urbem
1162 1119 1474 1185 adducere
1522 1123 1589 1183 et
1641 1120 1711 1184 in
1765 1120 2122 1185 cervicibus
2178 1121 2424 1184 nostris
2490 1120 2829 1186 collocare.

413 1216 455 1280 3
655 1208 879 1274 Habes
925 1209 1207 1273 formam
1252 1209 1350 1272 rei
1394 1208 1720 1292 publicae,
1775 1208 1833 1273 si
1878 1209 1948 1271 in
1995 1208 2225 1273 castris
2270 1211 2494 1292 potest
2541 1231 2687 1273 esse
2732 1231 2831 1273 res

475 1299 762 1383 publica3
809 1297 881 1361 in
926 1319 1053 1382 quo
1098 1300 1281 1361 tuam
1328 1297 1533 1362 vicem
1583 1318 1776 1380 saepe
1824 1297 2029 1380 dole0,
2077 1296 2247 1380 quod
2289 1296 2542 1360 nullam
2581 1302 2834 1387 partem

474 1408 593 1470 per
657 1389 936 1450 aetatem
1003 1406 1199 1450 sanae
1264 1387 1331 1448 et
1395 1384 1614 1449 salvae
1681 1384 1777 1448 rei
1838 1385 2135 1468 publicae
2200 1388 2466 1468 gustare
2534 1387 2855 1468 potuisti„

475 1475 694 1559 Atque
740 1474 1016 1539 antehac
1062 1471 1319 1557 quidem
1366 1495 1627 1556 sperare
1674 1474 1907 1537 saltem
1960 1473 2228 1556 licebat3
2284 1494 2459 1537 nunc
2514 1474 2723 1538 etiam
2767 1474 2831 1539 id

476 1565 771 1647 ereptum
809 1566 938 1645 est3
985 1583 1148 1646 quae
1187 1561 1359 1626 enim
1400 1565 1501 1625 est
1539 1583 1705 1644 spes,
1752 1584 1897 1627 cum
1934 1562 2004 1625 in
2041 1561 2341 1625 contione
2379 1561 2593 1626 dicere
2635 1585 2827 1627 ausus

477 1653 563 1716 sit
599 1651 927 1716 Antonius
968 1649 1361 1715 Cannutium
1408 1649 1582 1734 apud
1628 1671 1739 1716 eos
1785 1650 2003 1715 locum
2050 1649 2176 1715 sibi
2217 1671 2544 1735 quaerere,
2595 1652 2826 1735 quibus

409 1745 546 1809 4se
595 1740 779 1805 salvo
826 1740 1008 1805 locus
1054 1739 1125 1803 in
1171 1738 1433 1803 civitate
1479 1759 1622 1802 esse
1667 1760 1800 1802 non
1843 1738 2110 1822 posset?
2193 1737 2516 1822 Equidem
2567 1744 2636 1803 et
2673 1740 2831 1804 haec

474 1832 542 1893 et
599 1829 847 1912 omnia,
904 1845 1068 1912 quae
1122 1826 1375 1891 homini
1430 1826 1720 1891 accidere
1774 1830 2076 1910 possunt,
2133 1827 2226 1891 sic
2272 1827 2438 1908 fero,
2495 1830 2574 1891 ut
2621 1828 2829 1912 philo-

476 1915 2830 2088 ZSfiissiidffissgssffiossf‘{Zinssffiffffimqssffn2¹2?‘ffoffissafffflssetss

475 2097 712 2176 armat3
756 2093 1007 2176 tibique
1053 2092 1225 2157 idem
1272 2113 1501 2157 censeo
1549 2091 1921 2157 faciundum
1964 2113 2102 2176 nec,
2149 2114 2188 2156 a
2233 2114 2362 2176 quo
2409 2093 2601 2176 culpa
2640 2094 2830 2178 absit,

474 2182 816 2265 quicquam
869 2181 938 2245 in
992 2180 1180 2244 malis
1234 2179 1718 2247 numerandum.
1812 2179 1938 2246 Sed
1983 2181 2145 2245 haec
2189 2185 2262 2245 tu
2309 2182 2562 2246 melius·

651 2268 1023 2333 Tratorium
1066 2272 1362 2334 nostrum
1409 2290 1555 2333 cum
1605 2290 1856 2353 semper
1902 2269 2307 2354 probassem,
2353 2272 2498 2333 tum
2546 2271 2829 2335 maxime

472 2359 542 2422 in
588 2358 720 2422 tuis
765 2358 959 2422 rebus
1007 2379 1329 2422 summam
1376 2358 1513 2422 eius
1559 2357 1779 2440 fidem,
1836 2357 2248 2442 diligentiam
2282 2358 2831 2442 prudentiamque

474 2447 767 2532 cognovi.
841 2445 944 2511 Da
992 2468 1274 2530 operam,
1322 2448 1396 2510 ut
1440 2447 1687 2511 valeas:
1735 2446 1859 2511 hoc
1899 2446 2064 2510 mihi
2101 2446 2351 2531 gratius
2398 2445 2613 2511 facere
2660 2448 2828 2511 nihil

474 2539 678 2620 potes,

477 2708 701 2776 Caesar,
734 2707 840 2761 wie
869 2708 1013 2761 auch
1045 2706 1253 2761 Matius
1292 2708 1486 2776 (sehon
1514 2707 1593 2761 im
1704 2709 1888 2762 ersten
1923 2707 2154 2762 wurden
2191 2722 2300 2769 von
2330 2706 2609 2763 Octavian
2645 2725 2833 2778 gegen

472 2779 718 2849 August)
765 2779 829 2832 D.
867 2777 1073 2832 Brutus
1111 2796 1164 2832 u.
1203 2776 1442 2832 Plancus
1486 2778 1595 2833 den
1701 2778 1980 2833 Antonius
2009 2794 2334 2847 gewonnen‚
2375 2779 2467 2833 die
2491 2778 2704 2834 beiden
2737 2798 2834 2835 an-

475 2848 751 2905 Octavian
837 2865 1074 2904 nennen.
1185 2847 1251 2903 In
1332 2847 1596 2903 friiheren

471 2920 701 2975 Briefen
764 2921 939 2975 nennt
996 2919 1190 2976 Cicero
1253 2918 1354 2974 ihn
1412 2921 1597 2974 zuerst

481 2991 763 3057 Octavius,
795 2993 1008 3060 spinter
1062 2990 1347 3046 Octavian.
1397 2990 1484 3059 (O.
1531 2989 1595 3045 Ε.

474 3060 748 3127 Schmidt,
783 3061 853 3116 N.
890 3060 1082 3117 Jahrb.
1120 3060 1159 3116 f.
1198 3061 1265 3116 cl.
1305 3061 1449 3115 Phil.
1494 3066 1596 3115 129

474 3131 531 3189 S.
584 3134 728 3200 631.)
792 3161 860 3171 —
923 3133 988 3186 in
1044 3132 1360 3203 pecuniam]
1426 3130 1597 3186 Casar

474 3204 636 3257 hatte
683 3202 894 3256 seinem
939 3201 1140 3257 Neffen
1187 3202 1295 3258 den
1343 3202 1596 3272 grossten

474 3273 599 3328 'Peil
656 3273 837 3328 seines
885 3272 1229 3342 Vermogens
1287 3273 1592 3327 vermacht.

472 3343 576 3400 Als
633 3343 817 3400 dieser
865 3345 998 3399 aber
1042 3344 1102 3398 in
1147 3345 1289 3398 Rom
1339 3344 1595 3398 erschien

471 3416 586 3469 und
611 3432 725 3470 von
743 3413 1023 3469 Antonius
1045 3416 1145 3469 das
1166 3413 1309 3469 Geld
1329 3413 1594 3483 forderte,

473 3485 665 3541 wurde
695 3503 755 3541 er
782 3486 1150 3554 abgewiesen.
1205 3486 1339 3539 Man
1358 3485 1594 3555 glaubte

470 3574 611 3625 nun,
669 3556 942 3611 Antonius
1000 3556 1169 3610 suche
1225 3555 1330 3609 den
1379 3556 1597 3625 jungen

474 3628 646 3682 Mann
698 3645 768 3680 zu
815 3624 1038 3680 Grunde
1086 3644 1155 3679 zu
1199 3625 1443 3693 richten,
1500 3644 1603 3693 um¹

474 3698 574 3753 das
623 3697 767 3752 Geld
812 3696 1080 3751 behalten
1128 3715 1197 3751 zu
1245 3696 1487 3753 konnen.
1526 3729 1594 3738 —

471 3772 537 3824 in
591 3770 675 3840 eo]
734 3767 1025 3824 Octavian.
1080 3799 1144 3807 —
1195 3773 1377 3824 noster
1430 3770 1595 3835 fami-

478 3841 667 3911 liaris]
706 3838 970 3908 ironisch,
1008 3838 1115 3893 wie
1143 3840 1210 3892 H.
1236 3844 1283 3895 1.
1307 3844 1361 3893 12
1400 3840 1593 3895 Pulck.

472 3917 671 3966 noster.
709 3941 777 3952 —-
814 3910 1119 3980 leqionibus
1165 3912 1447 3982 quattuor]
1499 3928 1596 3981 ge·

475 3983 653 4037 meint
709 3981 835 4036 sind
888 3981 979 4035 die
1039 3982 1292 4047 Martia,
1361 3981 1597 4051 Quarta,

474 4053 756 4118 Secunda,
826 4052 1132 4123 Triqesima
1195 4054 1405 4121 quinta.
1502 4053 1595 4108 Sie

473 4141 662 4178 waren
715 4125 806 4178 fiir
856 4123 965 4177 den
1010 4122 1377 4191 parthischen
1422 4122 1598 4193 Krieg

473 4210 587 4248 von
637 4194 804 4248 C‘asar
858 4192 918 4247 in
964 4191 1332 4248 Macedonien
1382 4211 1595 4248 zusam-

475 4279 861 4333 mengezogen
911 4264 1155 4319 worden.
1239 4263 1344 4320 Die
1391 4265 1596 4320 beiden

1704 2849 1874 2904 deren
1919 2849 2214 2919 kampften
2259 2848 2351 2903 fiir
2396 2849 2593 2904 diesen
2633 2851 2698 2905 in
2737 2851 2836 2907 der

1706 2919 1974 2974 Schlacht
2008 2920 2105 2974 be}
2137 2920 2372 2976 Mutina.

1778 2996 1827 3044 3.
1867 2990 2079 3059 Habes]
2117 2991 2191 3044 da
2225 2991 2355 3045 hast
2383 2991 2485 3057 du3
2522 2992 2727 3047 habere
2753 2991 2835 3047 im

1707 3060 1876 3116 Sinne
1914 3077 2024 3115 von
2052 3060 2315 3116 wissen.
2369 3062 2487 3116 Att.
2515 3062 2586 3118 V.
2614 3069 2708 3118 21.
2742 3071 2835 3119 1οε

1701 3132 1864 3188 habes
1891 3134 2124 3186 consilia
2150 3138 2379 3201 νοείτω·
2392 3150 2545 3188 nunc
2573 3150 2835 3204 coynosce

1703 3205 1769 3258 de
1809 3203 1991 3257 Bruto
2000 3225 2022 3272 ,·
2067 3204 2181 3272 vgl.
2221 3203 2360 3258 iiber
2408 3204 2517 3258 den
2563 3204 2835 3275 haufigen

1704 3274 1998 3328 Gebrauch
2035 3273 2135 3327 des
2163 3274 2500 3344 Imperativs
2533 3293 2581 3330 z.
2600 3275 2644 3329 I.
2671 3282 2761 3330 25.
2783 3282 2832 3332 4.

1701 3361 1915 3470 aaz
1932 3346 2837 3498 aazassffi0i1.³i.¹sssssfi

1703 3486 1832 3541 dem
1860 3484 2073 3541 Tribun
2102 3485 2412 3542 Cannutius
2430 3503 2523 3541 am
2546 3494 2596 3544 2.
2619 3488 2834 3545 Oktob.

1703 3573 1806 3612 vor
1833 3557 1933 3612 das
1950 3556 2102 3612 Volk
2128 3558 2355 3627 gefiihrt
2376 3557 2586 3626 wurde,
2616 3563 2838 3615 nannte

1705 3644 1766 3682 er
1811 3628 1901 3682 die
1947 3629 2195 3683 Befreier
2239 3628 2507 3684 Veri-ater
2551 3631 2678 3684 und
2732 3630 2838 3685 ‘sie

1704 3699 1873 3753 sowie
1926 3699 2034 3754 den
2080 3699 2292 3754 Tribun
2338 3699 2699 3770 Werkzeuge
2749 3700 2840 3756 ci-

1706 3769 1904 3825 ceros’.
1977 3769 2131 3824 Fam.
2175 3770 2299 3826 XII.
2338 3777 2369 3825 3
2417 3770 2675 3826 schreibt
2725 3772 2839 3828 Cic.

1705 3840 1945 3894 dariiber
1974 3857 2045 3894 an
2062 3840 2311 3896 Cassius:
2340 3858 2407 3896 ea
2431 3843 2582 3897 dixit
2607 3844 2683 3898 de
2713 3860 2840 3899 con-

1703 3912 2070 3967 servatoribus
2106 3914 2359 3982 patriae,
2403 3929 2542 3982 qaae
2587 3914 2715 3969 dici
2751 3916 2842 3969 de·

1705 3983 1888 4037 beo-ent
1932 3983 1999 4038 de
2028 3983 2439 4051 proditoribws;
2484 3984 2551 4039 de
2587 4001 2676 4039 me
2714 3987 2840 4055 qui-

1703 4055 1821 4109 dem
1856 4070 1970 4108 ‘non
2005 4055 2342 4122 dubitanter,
2377 4055 2514 4124 quin
2541 4057 2747 4111 omnia
2773 4057 2841 4112 de

1701 4140 1816 4179 meo
1853 4126 2082 4180 consilio
2118 4130 2169 4179 et
2192 4141 2288 4182 vos
2313 4127 2575 4193 fecissetis
2601 4131 2656 4181 et
2690 4126 2841 4183 Gan·

1702 4195 1896 4250 ·nutius
1921 4196 2139 4263 faceret.
2167 4227 2237 4237 —
2267 4199 2420 4266 apud
2447 4196 2558 4267 eos]
2598 4196 2701 4251 die
2724 4200 2839 4253 An-

1702 4266 1919 4337 hanger
1956 4267 2056 4322 der
2092 4267 2392 4336 Republik.
