3000 4917
990 218 1051 272 L.
1088 218 1427 274 PAPIRIUS
1463 218 1763 274 PAETUS.

2421 220 2548 284 143

198 405 348 446 rum
398 381 658 464 famam,
704 381 879 445 fama
922 381 1168 466 ingenii
1214 381 1375 446 mihi
1425 386 1525 446 est
1567 382 1922 466 abicienda,
1969 382 2141 466 quod
2179 383 2234 447 si
2272 405 2549 467 possem,

200 494 337 536 non
392 492 773 536 recusarem.
865 467 990 534 Sed
1043 474 1264 535 tamen
1324 472 1463 555 ipse
1518 469 1758 535 Caesar
1815 471 2015 535 habet
2066 493 2332 556 peracre
2387 472 2612 537 iudi-4

202 561 404 644 cium,
451 563 549 643 et,
594 563 667 623 ut
713 557 1003 643 Servius,
1048 559 1252 623 frater
1296 563 1465 644 tuuS,
1521 581 1711 644 quem
1757 560 2300 624 litteratissimum
2350 561 2549 625 fuisse

201 649 437 732 iudicO,
482 649 671 712 facile
719 648 980 712 diceret:
1031 645 1159 713 ‘hic
1195 670 1420 713 versus
1455 647 1678 713 Plauti
1714 669 1844 712 non
1884 652 2000 732 est,
2045 649 2152 714 hic
2191 648 2330 734 est,'
2379 651 2552 735 quod.

201 739 401 803 tritas
458 759 644 801 aures
698 736 969 801 haberet
1021 737 1323 802 notandis
1380 738 1727 822 generibus
1783 742 2122 821 poetarum
2178 742 2244 801 et
2289 760 2551 803 consue-

202 826 430 891 tudine
485 825 768 911 legendi,
827 826 918 890 sic
974 826 1166 890 audio
1215 824 1586 910 Gaesarem,
1641 848 1786 891 cum
1840 826 2174 891 volumina
2219 827 2351 891 iam
2399 849 2550 892 con-

201 916 436 980 fecerit
472 910 1037 998 ἀποφθεγμάτων,
1076 915 1132 979 si
1169 915 1339 998 quod
1377 915 1710 980 adferatur
1747 915 1826 980 ad
1861 936 2005 979 eum
2032 937 2150 999 pro
2180 937 2341 998 meo,
2380 916 2550 999 quod

206 1026 425 1068 meum
470 1025 600 1068 non
648 1004 752 1087 sit,
798 1005 1035 1067 reicere
1082 1004 1315 1086 solere3
1363 1004 1533 1088 quod
1581 1027 1655 1070 eo
1702 1025 1873 1068 nunc
1921 1004 2131 1089 magis
2177 1004 2352 1088 facit,
2401 1005 2551 1088 quia

205 1094 441 1158 vivunt
496 1114 746 1158 mecum
802 1092 935 1157 fere
992 1093 1227 1158 cotidie
1281 1093 1453 1157 illius
1508 1093 1882 1158 familiares,
1982 1092 2283 1157 Incidunt
2338 1101 2551 1157 autem

202 1182 273 1246 in
323 1203 614 1246 sermone
660 1180 839 1245 vario
886 1182 1108 1267 multa,
1154 1203 1316 1271 quae
1352 1181 1632 1246 fortasse
1668 1181 1821 1264 illis,
1867 1202 2011 1246 cum
2050 1181 2199 1263 dixi,
2245 1203 2361 1247 nec
2399 1182 2549 1246 illit-

202 1275 419 1336 terata
463 1292 579 1335 nec
626 1270 872 1335 insulsa
920 1292 1059 1335 esse
1105 1271 1466 1335 videantur:
1525 1270 1685 1335 haec
1731 1270 1814 1334 ad
1861 1270 2047 1335 illum
2094 1292 2238 1335 cum
2282 1271 2551 1355 reliquis

206 1359 374 1424 actis
420 1359 833 1443 perferuntur
877 1395 962 1405 —
1008 1358 1103 1423 ita
1151 1360 1321 1423 enim
1369 1361 1507 1443 ipse
1554 1360 1887 1424 mandavit
1924 1382 2037 1422 -ε
2084 1360 2177 1424 sic
2224 1359 2316 1443 fit,
2361 1364 2450 1442 ut,
2498 1361 2553 1424 si

204 1448 362 1532 quid
417 1452 755 1531 praeterea
810 1448 887 1511 de
943 1469 1044 1512 me
1103 1447 1347 1530 audiat,
1402 1470 1534 1513 non
1587 1447 1971 1512 audiendum
2020 1451 2224 1532 putet.
2317 1447 2552 1524 Quam-

207 1538 435 1601 obrem
474 1535 801 1601 Oenomao
839 1539 954 1601 tuo
991 1536 1156 1601 nihil
1194 1542 1368 1622 utor;
1416 1538 1541 1601 etsi
1572 1537 1854 1621 posuisti
1890 1538 2030 1602 loco
2069 1558 2290 1601 versus
2328 1538 2552 1601 Accia-

210 1649 351 1691 nos.
427 1623 551 1689 Sed
600 1646 761 1709 quae
808 1629 908 1690 est
954 1623 1285 1690 ‘invidia'‘?
1334 1630 1447 1689 aut
1492 1626 1645 1709 quid
1692 1626 1849 1690 mihi
1896 1647 2066 1690 nunc
2101 1625 2373 1689 invideri
2408 1630 2551 1708 pot·
2574 1629 2615 1694 5

212 1713 359 1779 est?

450 1713 694 1779 Verum
741 1714 843 1779 fac
890 1735 1032 1778 esse
1081 1715 1324 1779 omnia:
1380 1714 1471 1778 sic
1528 1714 1714 1780 video
1769 1714 2181 1798 philosophis
2228 1715 2547 1797 placuisse

209 1804 312 1887 iis,
350 1804 459 1888 qui
488 1803 649 1866 mihi
679 1803 802 1867 soli
838 1803 1142 1867 videntur
1177 1804 1310 1867 vim
1347 1803 1608 1867 virtutis
1645 1808 1882 1887 tenere,
1919 1804 2082 1867 nihil
2121 1824 2260 1867 esse
2300 1804 2548 1887 sapien-

204 1893 292 1957 tis
350 1896 681 1976 praestare
737 1892 864 1956 nisi
921 1893 1204 1974 culpam,
1265 1913 1390 1975 qua
1448 1892 1611 1956 mihi
1667 1892 1885 1956 videor
1933 1892 2275 1976 dupliciter
2322 1914 2553 1974 carere,

205 1985 271 2046 et
320 1980 489 2065 quod
537 2001 613 2044 ea
669 1981 1007 2064 senserim,
1064 2002 1226 2064 quae
1282 1981 1644 2046 rectissima
1696 1981 1987 2064 fuerunt,
2044 1986 2111 2045 et
2167 1982 2354 2065 quod,
2411 2002 2555 2045 eum

201 2190 327 2246 VII.
384 2196 469 2245 32.
524 2196 552 2243 1
612 2188 858 2244 schreibt
913 2188 1025 2245 Cic.
1083 2206 1182 2244 aus
1239 2189 1326 2245 ci-

198 2262 373 2317 licien
441 2279 512 2315 an
567 2259 930 2315 Volumnius:
1005 2262 1202 2330 quibus
1263 2264 1328 2316 in

206 2334 406 2389 litteris
440 2335 627 2387 omnia
658 2333 795 2386 mihi
822 2333 1172 2401 periucunda
1205 2333 1327 2399 fue·

204 2410 344 2459 runt
369 2410 593 2474 praeter
630 2404 791 2470 illud,
829 2405 972 2472 quod
999 2421 1205 2473 parum
1240 2404 1325 2458 di-

205 2477 434 2545 liyenter
454 2476 723 2543 possessio
750 2475 1059 2528 salinarum
1086 2491 1327 2529 mearum

206 2564 243 2601 a
308 2552 358 2600 te
417 2550 773 2614 procuratore
834 2545 1176 2611 defenditur;
1237 2548 1327 2601 ais

204 2618 368 2683 enim,
402 2622 465 2671 ut
493 2633 587 2687 eqo
615 2617 966 2684 discesserim,
1003 2617 1190 2671 omnia
1215 2632 1326 2671 om-

202 2690 363 2742 nium
399 2689 550 2742 dicta
583 2688 650 2742 i‘n
683 2704 766 2741 me
799 2687 1037 2753 conferri
1077 2731 1088 2743 .
1130 2727 1141 2739 .
1180 2690 1326 2758 equi·

205 2761 329 2814 dem
374 2760 661 2827 sperabam
704 2759 788 2813 ita
836 2763 1031 2813 notata
1072 2775 1154 2812 me
1198 2760 1326 2814 reli-

208 2834 386 2901 quisse
421 2846 622 2900 ymera
656 2831 925 2885 dictorum
961 2845 1195 2884 meorum
1208 2871 1225 2897 ,
1262 2836 1328 2885 ut

206 2904 456 2972 coy‘nosci
490 2917 597 2955 sua
630 2907 817 2969 sponte
849 2905 1083 2969 possent.

277 2978 331 3025 4.
366 2971 619 3043 Servius]
649 2970 873 3026 Servius
895 2971 1159 3026 Claudius
1188 2971 1327 3025 wird

203 3043 334 3098 hier
359 3043 504 3096 nach
532 3042 865 3097 romischem
896 3041 1111 3096 Brauch
1150 3042 1329 3107 frater

209 3115 482 3184 genannt,
500 3113 725 3169 obwohl
743 3130 803 3167 er
815 3130 920 3166 nur
930 3112 1109 3167 Gesch
1117 3113 1325 3167 wister-

203 3184 351 3239 kind
388 3185 493 3238 mit
521 3184 691 3239 Fatus
727 3202 860 3240 war.
899 3215 967 3225 —
1006 3183 1228 3255 diceret]
1268 3200 1329 3237 er

203 3273 326 3311 war
387 3275 483 3309 um
540 3256 592 3309 d.
648 3256 698 3310 J.
756 3261 824 3309 60
879 3256 1193 3324 gestorben.
1260 3286 1327 3296 —

200 3329 469 3382 notandis
504 3326 815 3398 generibus]
865 3327 1040 3380 durch
1087 3326 1179 3380 die
1224 3326 1331 3380 Be-

204 3399 534 3467 obachtung
580 3398 678 3452 der
714 3397 1327 3467 Eigentl‘imliehkeiten

203 3470 307 3524 der
344 3469 777 3524 verschiedenen
814 3468 1059 3523 Dichter.
1089 3499 1158 3508 —
1187 3463 1328 3522 ἄπο-

251 3536 591 3613 θεγμάτων]
638 3541 713 3594 Es
758 3558 875 3594 war
922 3538 1040 3593 dies
1086 3541 1176 3594 die
1219 3557 1331 3594 von

203 3560 422 3666 gueton
467 3609 645 3680 (Caes.
692 3627 737 3666 c.
786 3612 893 3680 56.)
949 3612 1100 3665 dicta
1150 3612 1329 3666 collec-

202 3690 377 3739 tanea
404 3686 685 3750 genannte
714 3681 1045 3751 Sammlung
1080 3681 1332 3751 witziger

199 3752 456 3807 Einfalle
510 3754 625 3806 und
681 3751 954 3822 Sprfiche,
1017 3752 1106 3806 die
1162 3752 1331 3807 Cesar

204 3825 383 3880 sehon
440 3824 501 3878 in
560 3825 740 3878 seiner
793 3823 1015 3893 Jugend
1070 3823 1337 3893 angelegt

199 3896 385 3950 hatte.
471 3895 634 3950 Auch
689 3894 880 3949 Cicero
935 3895 1091 3948 hatte
1147 3894 1334 3947 reiche

201 3965 472 4037 Beitrfige
495 3966 770 4037 geliefert,
800 3966 916 4019 und
936 3965 1107 4019 Casar
1129 3965 1334 4019 musste

203 4039 351 4107 alsO,
381 4039 560 4094 meint
579 4037 711 4103 Cic„
738 4037 1169 4091 unterscheiden
1194 4035 1333 4091 kon-

201 4126 336 4175 nen,
367 4110 441 4164 ob
470 4109 562 4165 ein
581 4108 732 4162 Witz
759 4124 866 4162 von
894 4106 1013 4161 ihm
1045 4108 1330 4177 her-ruhte,

208 4180 350 4235 oder
387 4180 562 4245 nicht,
602 4178 707 4233 ehe
746 4195 806 4232 er
839 4177 939 4232 ihn
975 4179 1036 4232 in
1065 4178 1157 4232 die
1186 4178 1332 4232 noch

204 4251 591 4322 fortgefi'ihrte
666 4248 995 4318 Sammlung
1068 4249 1331 4303 aufnahm

211 4324 352 4377 oder
377 4319 635 4378 verwarf.
673 4352 743 4360 —
778 4322 843 4374 iri
877 4320 1139 4391 sermone]
1177 4325 1332 4374 nam-

201 4391 327 4449 lich
362 4394 470 4450 mit
508 4390 618 4447 den
666 4390 1126 4460 ebengenannten
1170 4392 1331 4459 fami—

1436 2191 1618 2245 liares.
1693 2221 1759 2230 —-
1835 2207 1956 2245 cum
2025 2192 2122 2245 rel.
2187 2192 2349 2261 actis]
2428 2191 2557 2245 ‘mit

1436 2261 1609 2316 allem
1644 2261 1898 2330 fibrigen‚
1936 2279 2051 2314 was
2079 2261 2296 2331 taglich
2322 2265 2380 2315 in
2411 2263 2554 2317 Rom

1437 2332 1718 2402 vorgeht’,
1735 2331 1841 2386 mit
1859 2332 1967 2385 den
1991 2331 2551 2401 Tagesneuigkeiten.

1434 2402 1585 2457 Fam.
1625 2402 1690 2457 X.
1730 2408 1816 2457 28.
1856 2409 1913 2457 3:
1973 2404 2117 2472 quod
2165 2404 2281 2458 nisi
2328 2419 2414 2457 res
2456 2420 2550 2457 ur-

1435 2476 1611 2529 banas
1647 2480 1875 2543 actaque
1910 2474 2095 2528 omnia
2131 2475 2207 2528 ad
2233 2479 2284 2527 te
2313 2475 2556 2542 perferri

1433 2547 1756 2613 wrbitrarer,
1805 2546 1920 2613 ipse
1960 2546 2358 2612 perscriberem.
2428 2545 2470 2597 V
2477 2546 2554 2614 gl.

1434 2617 1528 2671 IV.
1559 2623 1643 2670 22.
1681 2622 1708 2669 1
1747 2617 1861 2668 und
1898 2613 2045 2670 Einl.
2084 2614 2136 2670 S.
2176 2622 2226 2669 3.
2272 2646 2342 2656 -
2384 2614 2553 2670 Oeno·

1434 2687 1582 2759 mac]
1632 2687 1802 2740 Fatus
1850 2687 2011 2740 hatte
2050 2685 2262 2740 seinem
2298 2685 2556 2740 Freunde

1434 2758 1619 2884 323⁹
1640 2755 2553 2899 Τῖξξῖθᾱίὲῃεᾶεἶθᾞοοοῑῖἶοῑῗέἓιῗ
2589 2803 2593 2807 ’

1436 2906 1539 2955 170
1585 2919 1635 2955 v.
1686 2900 1836 2968 Chr.)
1895 2900 2222 2970 angefiihrt,
2267 2899 2327 2953 in
2373 2901 2553 2954 denen

1433 2972 1533 3026 der
1606 2972 1839 3026 Dichter
1908 2971 1997 3053 die
2067 2972 2356 3040 Mahnung
2429 2988 2553 3025 aus-

1435 3041 2334 3180 ἓῖἑἛᾏίὲ-ῗὲῑ9311138ὼὲξὲ
2337 3042 2554 3168 ’18Ξέῃῖ

1434 3184 1651 3252 Felsen,
1691 3200 1763 3237 an
1799 3184 1926 3237 dem
1964 3183 2057 3237 die
2084 3185 2265 3254 Woge
2301 3184 2556 3237 neidisch

1435 3257 1800 3309 anstfirmend
1875 3256 2032 3324 nagt.
2108 3285 2173 3295 —-
2249 3255 2388 3327 loco]
2463 3273 2555 3308 am

1434 3328 1666 3381 rechten
1704 3325 1861 3394 orte,
1902 3326 2077 3380 soviel
2116 3324 2226 3380 alst
2286 3325 2383 3378 ‘du
2423 3326 2556 3379 hast

1438 3396 1519 3452 sie
1557 3396 1842 3467 gh'icklich
1880 3396 2258 3466 angewandt’,
2312 3397 2447 3450 aber
2485 3436 2497 3448 .
2540 3434 2553 3447 .

1511 3544 1557 3593 5.
1613 3540 1707 3605 fac
1742 3555 1849 3593 esse
1884 3538 2094 3610 omnia]
2140 3539 2383 3607 gesetzt,
2433 3536 2554 3591 dass

1438 3609 1579 3664 alles
1626 3610 1878 3664 wirklich
1939 3611 2038 3663 der
2082 3610 2205 3663 Fau
2257 3610 2362 3674 sei,
2420 3609 2556 3677 (was

1439 3681 1515 3734 du
1559 3680 1949 3752 beffirchtest).
1988 3711 2054 3720 —
2091 3681 2235 3734 nihil
2271 3686 2557 3749 praestare

1440 3754 1556 3807 m'si
1583 3752 1823 3822 culpam]
1854 3758 2141 3821 praestare
2168 3753 2404 3821 culpam,
2442 3749 2556 3804 ein-

1442 3823 1638 3877 stehen
1656 3822 1748 3876 fiir
1767 3825 1956 3889 etwas,
1978 3822 2065 3877 die
2088 3822 2516 3876 Verantwortun

1440 3893 1533 3947 ffir
1576 3898 1752 3948 etwas
1810 3894 2205 3949 fibernehmen.
2280 3894 2349 3947 de
2397 3909 2473 3947 or.
2543 3935 2554 3946 .

1442 3970 1528 4019 24.
1552 3969 1680 4018 113:
1709 3968 1872 4019 istam
1891 3967 2126 4035 culpam,
2152 3982 2316 4034 quam
2341 3965 2557 4029 vereris,

1438 4035 2557 4174 ffillpiiihezculiomichdffehffiffissvdffhlgrg:

1439 4178 1605 4232 daffir
1640 4177 1942 4245 einstehen,
1986 4177 2108 4232 dass
2147 4182 2319 4232 etwas
2359 4176 2559 4231 nicht

1440 4247 1749 4318 geschicht.
1806 4249 1967 4303 Tuse.
1988 4249 2082 4304 ΙΙΙ.
2109 4255 2189 4304 16.
2211 4255 2307 4303 34:
2338 4250 2559 4318 culpam

1438 4321 1653 4374 nullam
1680 4336 1804 4385 esse,
1832 4336 1954 4374 cum
1979 4321 2060 4388 id,
2085 4320 2232 4389 quod
2257 4321 2326 4374 ab
2346 4321 2560 4374 homine

1438 4407 1554 4446 non
1579 4392 1825 4461 potuerit
1851 4394 2160 4461 praestari,
2204 4391 2448 4446 evenerit.
2487 4420 2557 4429 -
